<?xml version="1.0" ?><OAI-PMH xmlns="http://www.openarchives.org/OAI/2.0/" xmlns:xsi="http://www.w3.org/2001/XMLSchema-instance" xsi:schemaLocation="http://www.openarchives.org/OAI/2.0/ http://www.openarchives.org/OAI/2.0/OAI-PMH.xsd">
  <responseDate>2024-11-20T18:26:15Z</responseDate>
  <request resumptionToken="1900-01-01@all@UNIGE_ALL@marc21@5986560960005502" verb="ListRecords">https://slsp-unige.alma.exlibrisgroup.com/view/oai/41SLSP_UGE/request</request>
<ListRecords><record><header><identifier>oai:alma.41SLSP_UGE:991000769799705502</identifier><datestamp>2023-03-01T01:10:04Z</datestamp><setSpec>uge_bcen_RapidILL_BOOK</setSpec><setSpec>uge_aaca_RapidILL_BOOK</setSpec><setSpec>uge_abels_RapidILL_BOOK</setSpec><setSpec>uge_dbu_RapidILL_BOOK</setSpec><setSpec>uge_cmu_RapidILL_BOOK</setSpec><setSpec>uge_mail_RapidILL_BOOK</setSpec><setSpec>UNIGE_ALL</setSpec><setSpec>uge_abbat_RapidILL_BOOK</setSpec><setSpec>uge_aobs_RapidILL_BOOK</setSpec><setSpec>uge_acar_RapidILL_BOOK</setSpec></header><metadata>
<record xmlns="http://www.loc.gov/MARC21/slim" xmlns:xsi="http://www.w3.org/2001/XMLSchema-instance" xsi:schemaLocation="http://www.loc.gov/MARC21/slim http://www.loc.gov/standards/marcxml/schema/MARC21slim.xsd"><leader>01966nam a2200445 c 4500</leader><controlfield tag="001">991000769799705502</controlfield><controlfield tag="005">20230116181726.0</controlfield><controlfield tag="008">201011t19951995gw ||||| |||| 10| ||eng d</controlfield><datafield ind1=" " ind2=" " tag="020"><subfield code="a">3540603689</subfield></datafield><datafield ind1=" " ind2=" " tag="035"><subfield code="a">(swissbib)221850511-41slsp_network</subfield></datafield><datafield ind1=" " ind2=" " tag="035"><subfield code="a">221850511</subfield><subfield code="9">ExL</subfield></datafield><datafield ind1=" " ind2=" " tag="035"><subfield code="a">(RERO)2086841-41slsp</subfield></datafield><datafield ind1=" " ind2=" " tag="035"><subfield code="a">(NEBIS)001484058EBI01</subfield></datafield><datafield ind1=" " ind2=" " tag="035"><subfield code="a">(EXLNZ-41SLSP_NETWORK)991081357789705501</subfield></datafield><datafield ind1=" " ind2=" " tag="040"><subfield code="a">RERO geucui</subfield><subfield code="d">CH-ZuSLS</subfield></datafield><datafield ind1=" " ind2="7" tag="072"><subfield code="a">in</subfield><subfield code="2">rero</subfield></datafield><datafield ind1="0" ind2="0" tag="245"><subfield code="a">Memory management</subfield><subfield code="b">international workshop IWMM 95, Kinross, UK, September 27-29, 1995 : proceedings</subfield><subfield code="c">Henry G. Baker, (ed.)</subfield></datafield><datafield ind1="1" ind2=" " tag="246"><subfield code="a">IWMM'95</subfield></datafield><datafield ind1=" " ind2="1" tag="264"><subfield code="a">Berlin [etc.]</subfield><subfield code="b">Springer</subfield><subfield code="c">[1995]</subfield></datafield><datafield ind1=" " ind2="4" tag="264"><subfield code="c">© 1995</subfield></datafield><datafield ind1=" " ind2=" " tag="300"><subfield code="a">XII, 417 p.</subfield><subfield code="b">ill.</subfield><subfield code="c">25 cm</subfield></datafield><datafield ind1=" " ind2=" " tag="336"><subfield code="b">txt</subfield><subfield code="2">rdacontent</subfield></datafield><datafield ind1=" " ind2=" " tag="337"><subfield code="b">n</subfield><subfield code="2">rdamedia</subfield></datafield><datafield ind1=" " ind2=" " tag="338"><subfield code="b">nc</subfield><subfield code="2">rdacarrier</subfield></datafield><datafield ind1="1" ind2=" " tag="490"><subfield code="a">Lecture notes in computer science</subfield><subfield code="v">986</subfield></datafield><datafield ind1=" " ind2=" " tag="500"><subfield code="a">Variante du titre : IWMM'95</subfield></datafield><datafield ind1=" " ind2=" " tag="500"><subfield code="a">Anlassname: International Workshop on Memory Management</subfield></datafield><datafield ind1=" " ind2="7" tag="650"><subfield code="a">mémoire (informatique) - gestion</subfield><subfield code="0">(RERO)A010115930</subfield><subfield code="2">rerovoc</subfield></datafield><datafield ind1=" " ind2="7" tag="650"><subfield code="a">SPEICHERBEREINIGUNG + KOMPAKTIFIZIEREN (BETRIEBSSYSTEME)</subfield><subfield code="9">ger</subfield><subfield code="0">(ETHUDK)000041516</subfield><subfield code="2">ethudk</subfield></datafield><datafield ind1=" " ind2="7" tag="650"><subfield code="a">SPEICHERORGANISATION + SPEICHERVERWALTUNG (BETRIEBSSYSTEME)</subfield><subfield code="9">ger</subfield><subfield code="0">(ETHUDK)000034719</subfield><subfield code="2">ethudk</subfield></datafield><datafield ind1=" " ind2="7" tag="655"><subfield code="a">Actes de congrès</subfield><subfield code="0">(IDREF)02886431X</subfield><subfield code="2">idref</subfield></datafield><datafield ind1=" " ind2="7" tag="655"><subfield code="a">Konferenzschrift</subfield><subfield code="z">Kinross</subfield><subfield code="y">1995/09</subfield><subfield code="2">gnd-content</subfield></datafield><datafield ind1=" " ind2=" " tag="690"><subfield code="a">D.4</subfield><subfield code="d">OPERATING SYSTEMS</subfield><subfield code="2">uzb-UM</subfield></datafield><datafield ind1=" " ind2=" " tag="690"><subfield code="a">B.3</subfield><subfield code="d">MEMORY STRUCTURES</subfield><subfield code="2">uzb-UM</subfield></datafield><datafield ind1="1" ind2=" " tag="700"><subfield code="a">Baker, Henry G</subfield><subfield code="0">(RERO)A002961971</subfield></datafield><datafield ind1="2" ind2=" " tag="711"><subfield code="a">IWMM</subfield><subfield code="d">1995</subfield><subfield code="c">Kinross</subfield><subfield code="0">(DE-588)2149420-4</subfield></datafield><datafield ind1="2" ind2=" " tag="711"><subfield code="a">International Workshop on Memory Management</subfield><subfield code="d">1995</subfield><subfield code="c">Kinross</subfield><subfield code="0">(RERO)A012529326</subfield></datafield><datafield ind1="4" ind2=" " tag="856"><subfield code="3">Abstract / Autoreninformation</subfield><subfield code="u">https://toc.library.ethz.ch/objects/pdf/000019206_e01_3540603689_02.pdf</subfield><subfield code="q">pdf</subfield></datafield><datafield ind1=" " ind2=" " tag="830"><subfield code="a">Lecture notes in computer science</subfield><subfield code="n">1 (1973) - 2999 (2004)</subfield><subfield code="v">986</subfield><subfield code="w">(NEBIS)000025969EBI01</subfield></datafield><datafield ind1=" " ind2=" " tag="830"><subfield code="a">Lecture notes in computer science</subfield><subfield code="v">986</subfield><subfield code="w">(RERO)0078255-41slsp</subfield></datafield><datafield ind1=" " ind2=" " tag="900"><subfield code="a">REROnoselfmerge</subfield></datafield></record>
</metadata></record>