<record><header><identifier>oai:alma.41SLSP_UGE:991000770319705502</identifier><datestamp>2023-08-11T00:43:23Z</datestamp><setSpec>uge_bcen_RapidILL_BOOK</setSpec><setSpec>uge_aaca_RapidILL_BOOK</setSpec><setSpec>uge_abels_RapidILL_BOOK</setSpec><setSpec>uge_dbu_RapidILL_BOOK</setSpec><setSpec>uge_cmu_RapidILL_BOOK</setSpec><setSpec>uge_mail_RapidILL_BOOK</setSpec><setSpec>uge_abbat_RapidILL_BOOK</setSpec><setSpec>UNIGE_ALL</setSpec><setSpec>uge_aobs_RapidILL_BOOK</setSpec><setSpec>uge_acar_RapidILL_BOOK</setSpec></header><metadata>
<record xmlns="http://www.loc.gov/MARC21/slim" xmlns:xsi="http://www.w3.org/2001/XMLSchema-instance" xsi:schemaLocation="http://www.loc.gov/MARC21/slim http://www.loc.gov/standards/marcxml/schema/MARC21slim.xsd"><leader>03125nam a2200709 ca4500</leader><controlfield tag="001">991000770319705502</controlfield><controlfield tag="005">20220805221530.0</controlfield><controlfield tag="008">201011s2002    it ||||| |||| 00| ||ita d</controlfield><datafield ind1=" " ind2=" " tag="020"><subfield code="a">880450417X</subfield><subfield code="q">emboîtage</subfield></datafield><datafield ind1=" " ind2=" " tag="035"><subfield code="a">(swissbib)220041512-41slsp_network</subfield></datafield><datafield ind1=" " ind2=" " tag="035"><subfield code="a">220041512</subfield><subfield code="9">ExL</subfield></datafield><datafield ind1=" " ind2=" " tag="035"><subfield code="a">(RERO)R003166601-41slsp</subfield></datafield><datafield ind1=" " ind2=" " tag="035"><subfield code="a">(NEBIS)004380081EBI01</subfield></datafield><datafield ind1=" " ind2=" " tag="035"><subfield code="a">(IDSLU)000249607ILU01</subfield></datafield><datafield ind1=" " ind2=" " tag="035"><subfield code="a">(IDSBB)002727244DSV01</subfield></datafield><datafield ind1=" " ind2=" " tag="035"><subfield code="a">(EXLNZ-41SLSP_NETWORK)991006241939705501</subfield></datafield><datafield ind1=" " ind2=" " tag="040"><subfield code="a">RERO neubfl</subfield><subfield code="d">CH-ZuSLS</subfield></datafield><datafield ind1="0" ind2=" " tag="041"><subfield code="a">ita</subfield></datafield><datafield ind1=" " ind2="7" tag="072"><subfield code="a">it</subfield><subfield code="2">rero</subfield></datafield><datafield ind1=" " ind2="7" tag="072"><subfield code="a">596</subfield><subfield code="2">IDS LU</subfield></datafield><datafield ind1=" " ind2="7" tag="072"><subfield code="a">it</subfield><subfield code="2">SzZuIDS BS/BE</subfield></datafield><datafield ind1="0" ind2="0" tag="082"><subfield code="a">853/.7</subfield><subfield code="2">21</subfield></datafield><datafield ind1="1" ind2="4" tag="082"><subfield code="a">853</subfield></datafield><datafield ind1="1" ind2=" " tag="100"><subfield code="a">Manzoni, Alessandro</subfield><subfield code="d">1785-1873</subfield><subfield code="6">880-01</subfield><subfield code="0">(DE-588)118577409</subfield></datafield><datafield ind1="1" ind2=" " tag="880"><subfield code="6">100-01</subfield><subfield code="a">Manzoni, Alessandro</subfield><subfield code="d">1785-1873</subfield><subfield code="0">(IDREF)027006956</subfield><subfield code="4">cre</subfield></datafield><datafield ind1="1" ind2="0" tag="245"><subfield code="a">&lt;&lt;I&gt;&gt; promessi sposi</subfield><subfield code="c">Alessandro Manzoni ; saggio introd., rev. del testo critico e comm. a cura di Salvatore Silvano Nigro ; collab. di Ermanno Paccagnini per la &quot;Storia della Colonna infame&quot;</subfield></datafield><datafield ind1=" " ind2="1" tag="264"><subfield code="a">Milano</subfield><subfield code="b">A. Mondadori</subfield><subfield code="c">2002</subfield></datafield><datafield ind1=" " ind2=" " tag="300"><subfield code="a">2 Bände (989 S. ; 1253 S.)</subfield><subfield code="b">Ill.</subfield><subfield code="c">18 cm</subfield></datafield><datafield ind1=" " ind2=" " tag="336"><subfield code="b">txt</subfield><subfield code="2">rdacontent</subfield></datafield><datafield ind1=" " ind2=" " tag="337"><subfield code="b">n</subfield><subfield code="2">rdamedia</subfield></datafield><datafield ind1=" " ind2=" " tag="338"><subfield code="b">nc</subfield><subfield code="2">rdacarrier</subfield></datafield><datafield ind1="1" ind2=" " tag="490"><subfield code="a">I meridiani</subfield></datafield><datafield ind1="1" ind2=" " tag="490"><subfield code="a">I romanzi / Alessandro Manzoni</subfield><subfield code="v">vol. 2</subfield></datafield><datafield ind1=" " ind2=" " tag="500"><subfield code="a">T. 2: Nachdruck der Ausg. Milano : Guglielmini e Redaelli, 1840</subfield></datafield><datafield ind1=" " ind2=" " tag="504"><subfield code="a">Includes bibliographical references</subfield></datafield><datafield ind1="0" ind2="0" tag="505"><subfield code="g">Tomo 1</subfield><subfield code="t">&lt;&lt; I&gt;&gt; promessi sposi (1827)</subfield></datafield><datafield ind1="0" ind2="0" tag="505"><subfield code="g">Tomo 2</subfield><subfield code="t">&lt;&lt; I&gt;&gt; promessi sposi (1840)</subfield><subfield code="t">Storia della colonna infame</subfield></datafield><datafield ind1="1" ind2="7" tag="600"><subfield code="a">Manzoni, Alessandro</subfield><subfield code="d">1785-1873</subfield><subfield code="t">&lt;&lt;I&gt;&gt; promessi sposi</subfield><subfield code="0">(DE-588)4135859-4</subfield><subfield code="2">gnd</subfield></datafield><datafield ind1="1" ind2="0" tag="600"><subfield code="a">Manzoni, Alessandro</subfield><subfield code="d">1785-1873</subfield><subfield code="t">Promessi sposi</subfield></datafield><datafield ind1="1" ind2="0" tag="600"><subfield code="a">Manzoni, Alessandro</subfield><subfield code="d">1785-1873</subfield><subfield code="t">Storia della colonna infame</subfield></datafield><datafield ind1=" " ind2="7" tag="650"><subfield code="a">Roman</subfield><subfield code="0">(DE-588)4050479-7</subfield><subfield code="2">gnd</subfield></datafield><datafield ind1=" " ind2="7" tag="650"><subfield code="a">Italienisch</subfield><subfield code="0">(DE-588)4114056-4</subfield><subfield code="2">gnd</subfield></datafield><datafield ind1=" " ind2="0" tag="650"><subfield code="a">Italian literature</subfield><subfield code="y">19th century</subfield></datafield><datafield ind1=" " ind2="0" tag="650"><subfield code="a">Judicial error</subfield><subfield code="z">Italy</subfield><subfield code="z">Milan</subfield><subfield code="x">History</subfield><subfield code="y">17th century</subfield></datafield><datafield ind1=" " ind2="0" tag="650"><subfield code="a">Peasants</subfield><subfield code="z">Italy</subfield><subfield code="z">Lombardy</subfield><subfield code="x">History</subfield><subfield code="v">Fiction</subfield></datafield><datafield ind1=" " ind2="0" tag="650"><subfield code="a">Plague</subfield><subfield code="z">Italy</subfield><subfield code="z">Milan</subfield><subfield code="x">History</subfield><subfield code="y">17th century</subfield></datafield><datafield ind1=" " ind2="0" tag="650"><subfield code="a">Punishment</subfield><subfield code="z">Italy</subfield><subfield code="z">Milan</subfield><subfield code="x">History</subfield><subfield code="y">17th century</subfield></datafield><datafield ind1=" " ind2="0" tag="650"><subfield code="a">Thirty Years' War, 1618-1648</subfield><subfield code="x">Literature and the war</subfield></datafield><datafield ind1=" " ind2="0" tag="651"><subfield code="a">Italy</subfield><subfield code="x">History</subfield><subfield code="y">17th century</subfield><subfield code="v">Fiction</subfield></datafield><datafield ind1=" " ind2="0" tag="651"><subfield code="a">Lombardy (Italy)</subfield><subfield code="x">History</subfield><subfield code="y">Spanish rule, 1535-1714</subfield><subfield code="v">Fiction</subfield></datafield><datafield ind1=" " ind2="0" tag="651"><subfield code="a">Lombardy (Italy)</subfield><subfield code="x">Social conditions</subfield><subfield code="v">Fiction</subfield></datafield><datafield ind1=" " ind2="7" tag="655"><subfield code="a">Text</subfield><subfield code="2">gnd</subfield></datafield><datafield ind1=" " ind2="7" tag="655"><subfield code="a">Ausgabe</subfield><subfield code="2">idszbz</subfield></datafield><datafield ind1="1" ind2="2" tag="700"><subfield code="a">Manzoni, Alessandro</subfield><subfield code="d">1785-1873</subfield><subfield code="t">Storia della Colonna infame</subfield></datafield><datafield ind1="1" ind2=" " tag="700"><subfield code="a">Nigro, Salvatore Silvano</subfield><subfield code="d">1946-</subfield><subfield code="6">880-03</subfield><subfield code="0">(DE-588)119486458</subfield></datafield><datafield ind1="1" ind2=" " tag="880"><subfield code="6">700-03</subfield><subfield code="a">Nigro, Salvatore Silvano</subfield><subfield code="d">1946-....</subfield><subfield code="0">(IDREF)028000439</subfield></datafield><datafield ind1="1" ind2=" " tag="700"><subfield code="6">880-04</subfield><subfield code="a">Paccagnini, Ermanno</subfield><subfield code="0">(DE-588)1203081707</subfield></datafield><datafield ind1="1" ind2=" " tag="880"><subfield code="6">700-04</subfield><subfield code="a">Paccagnini, Ermanno</subfield><subfield code="0">(IDREF)030151503</subfield></datafield><datafield ind1="1" ind2=" " tag="800"><subfield code="a">Manzoni, Alessandro</subfield><subfield code="d">1785-1873</subfield><subfield code="t">&lt;&lt;I&gt;&gt; romanzi</subfield><subfield code="v">2</subfield><subfield code="w">(IDSLU)000319260ILU01</subfield></datafield><datafield ind1=" " ind2=" " tag="830"><subfield code="a">&lt;&lt;I&gt;&gt; meridiani</subfield><subfield code="p">Mondadori</subfield><subfield code="w">(RERO)R009005220-41slsp</subfield></datafield><datafield ind1=" " ind2=" " tag="900"><subfield code="a">REROnoselfmerge</subfield></datafield><datafield ind1=" " ind2=" " tag="900"><subfield code="a">IDSZ2zbzmon200208f</subfield><subfield code="c">IDSZ2haab</subfield><subfield code="d">IDSZ2zbzswk200209b</subfield><subfield code="e">IDSZ2brua</subfield></datafield><datafield ind1=" " ind2=" " tag="911"><subfield code="a">Manzoni, Alessandro,$d1785-1873</subfield></datafield><datafield ind1=" " ind2=" " tag="993"><subfield code="a">BFLA 150052/2</subfield><subfield code="x">ge/ulit/a/02/169</subfield><subfield code="9">LOCAL</subfield></datafield></record>
</metadata></record>