<record><header><identifier>oai:alma.41SLSP_UGE:991000770629705502</identifier><datestamp>2023-04-11T00:12:02Z</datestamp><setSpec>uge_bcen_RapidILL_BOOK</setSpec><setSpec>uge_aaca_RapidILL_BOOK</setSpec><setSpec>uge_abels_RapidILL_BOOK</setSpec><setSpec>uge_dbu_RapidILL_BOOK</setSpec><setSpec>uge_cmu_RapidILL_BOOK</setSpec><setSpec>uge_mail_RapidILL_BOOK</setSpec><setSpec>uge_abbat_RapidILL_BOOK</setSpec><setSpec>UNIGE_ALL</setSpec><setSpec>uge_aobs_RapidILL_BOOK</setSpec><setSpec>uge_acar_RapidILL_BOOK</setSpec></header><metadata>
<record xmlns="http://www.loc.gov/MARC21/slim" xmlns:xsi="http://www.w3.org/2001/XMLSchema-instance" xsi:schemaLocation="http://www.loc.gov/MARC21/slim http://www.loc.gov/standards/marcxml/schema/MARC21slim.xsd"><leader>03913nam a2200637 c 4500</leader><controlfield tag="001">991000770629705502</controlfield><controlfield tag="005">20230410140417.0</controlfield><controlfield tag="008">201011s2012    fr ||||| |||| 00| ||fre d</controlfield><datafield ind1=" " ind2=" " tag="020"><subfield code="a">9782296562806</subfield></datafield><datafield ind1="7" ind2=" " tag="024"><subfield code="a">http://catalogue.bnf.fr/ark:/12148/cb42572325q</subfield><subfield code="2">uri</subfield></datafield><datafield ind1=" " ind2=" " tag="035"><subfield code="a">(swissbib)232305188-41slsp_network</subfield></datafield><datafield ind1=" " ind2=" " tag="035"><subfield code="a">232305188</subfield><subfield code="9">ExL</subfield></datafield><datafield ind1=" " ind2=" " tag="035"><subfield code="a">(RERO)R007101038-41slsp</subfield></datafield><datafield ind1=" " ind2=" " tag="035"><subfield code="a">(NEBIS)007606653EBI01</subfield></datafield><datafield ind1=" " ind2=" " tag="035"><subfield code="a">(EXLNZ-41SLSP_NETWORK)991060546789705501</subfield></datafield><datafield ind1=" " ind2=" " tag="040"><subfield code="a">RERO geufpe</subfield><subfield code="d">CH-ZuSLS</subfield></datafield><datafield ind1=" " ind2="7" tag="072"><subfield code="a">ss</subfield><subfield code="2">rero</subfield></datafield><datafield ind1=" " ind2="7" tag="072"><subfield code="a">me</subfield><subfield code="2">rero</subfield></datafield><datafield ind1="0" ind2="0" tag="245"><subfield code="a">&lt;&lt;Le&gt;&gt; travail contre la santé ?</subfield><subfield code="c">publ. sous la dir. de Sophie Le Garrec ; contributions de: Rosalie Beuret-Siess ... [et al.]</subfield></datafield><datafield ind1=" " ind2="1" tag="264"><subfield code="a">Paris</subfield><subfield code="b">L'Harmattan</subfield><subfield code="c">2012</subfield></datafield><datafield ind1=" " ind2=" " tag="300"><subfield code="a">298 p.</subfield><subfield code="b">ill.</subfield></datafield><datafield ind1=" " ind2=" " tag="336"><subfield code="b">txt</subfield><subfield code="2">rdacontent</subfield></datafield><datafield ind1=" " ind2=" " tag="337"><subfield code="b">n</subfield><subfield code="2">rdamedia</subfield></datafield><datafield ind1=" " ind2=" " tag="338"><subfield code="b">nc</subfield><subfield code="2">rdacarrier</subfield></datafield><datafield ind1="0" ind2=" " tag="490"><subfield code="a">Conception et dynamique des organisations</subfield></datafield><datafield ind1="0" ind2=" " tag="505"><subfield code="a">[Sommaire] 1. La santé au travail: état des lieux : La santé au travail en Suisse / Michel Guillemin ; Conditions de travail et santé: état des lieux en Suisse / Jean-François Marquis. - 2. Des enjeux sociologiques du travail et de la santé : Des rapports au travail aux enjeux de santé: les seniors, des travailleurs-euses comme les autres? / Sophie Le Garrec ; Stress au travail et âge: la construction sociale des vulnérabilbités dans la police et à l'hôpital / Marc Loriol ; Les enjeux de la santé au travail chez les seniors des deux sexes: du pareil au même? / Nicky Le Feuvre ; La fonction de Tiers-social dans le GRH: prendre en compte les hommes et les femmes au travail / Dominique Paturel. - 3. Les perceptions des seniors au travail : GRH: gestion des seniors, état des lieux / Eléonore Marbot ; De la gestion des seniors à la gestion de l'intergénérationnel / Laure Pitet. - 4. Travail et santé vus par les professionnel-les: des ressources humaines aux politiques en action : La formation des 50 ans et plus en entreprise: freins, motivations, potentiels / Thomas Dupas ; La santé au travail des seniors dans le canton de Fribourg / Annick Rywalski ; Le catalogue d'actions exemplaires de promotion de la santé au travail / Rosalie Beuret-Siess, Chloé Saas-Vuilleumier ; Prévention des effets néfastes du chômage sur la santé des personnes de plus de 50 ans engagées dans les mesures de réinsertion / Jean-Charles Rey. - Conclusion: L'âge au travail, un vecteur de diversité / Serge Volkoff.</subfield></datafield><datafield ind1=" " ind2="7" tag="650"><subfield code="a">Hygiène du travail</subfield><subfield code="0">(IDREF)027616398</subfield><subfield code="2">idref</subfield></datafield><datafield ind1=" " ind2="7" tag="650"><subfield code="a">Travailleurs âgés</subfield><subfield code="0">(IDREF)033274002</subfield><subfield code="2">idref</subfield></datafield><datafield ind1=" " ind2="7" tag="650"><subfield code="a">Stress lié au travail</subfield><subfield code="0">(IDREF)027738019</subfield><subfield code="2">idref</subfield></datafield><datafield ind1=" " ind2="7" tag="650"><subfield code="a">Pénibilité du travail</subfield><subfield code="0">(IDREF)132896532</subfield><subfield code="2">idref</subfield></datafield><datafield ind1=" " ind2="7" tag="650"><subfield code="a">Travail</subfield><subfield code="0">(IDREF)027736067</subfield><subfield code="2">idref</subfield></datafield><datafield ind1=" " ind2="7" tag="650"><subfield code="a">Santé</subfield><subfield code="0">(IDREF)027411125</subfield><subfield code="2">idref</subfield></datafield><datafield ind1=" " ind2="7" tag="650"><subfield code="a">Conditions de travail</subfield><subfield code="0">(IDREF)027466272</subfield><subfield code="2">idref</subfield></datafield><datafield ind1=" " ind2="2" tag="650"><subfield code="a">Occupational Health</subfield></datafield><datafield ind1=" " ind2="2" tag="650"><subfield code="a">Middle Aged</subfield></datafield><datafield ind1=" " ind2="2" tag="650"><subfield code="a">Workplace</subfield></datafield><datafield ind1=" " ind2="2" tag="650"><subfield code="a">Workplace</subfield><subfield code="x">psychology</subfield></datafield><datafield ind1=" " ind2="2" tag="650"><subfield code="a">Age Factors</subfield></datafield><datafield ind1=" " ind2="2" tag="650"><subfield code="a">Employment</subfield></datafield><datafield ind1=" " ind2="2" tag="650"><subfield code="a">Health Promotion</subfield></datafield><datafield ind1=" " ind2="2" tag="650"><subfield code="a">Personnel Management</subfield></datafield><datafield ind1=" " ind2="2" tag="650"><subfield code="a">Social Perception</subfield></datafield><datafield ind1=" " ind2="2" tag="650"><subfield code="a">Social Change</subfield></datafield><datafield ind1=" " ind2="2" tag="650"><subfield code="a">Stress, Psychological</subfield></datafield><datafield ind1=" " ind2="7" tag="650"><subfield code="a">travailleur âgé</subfield><subfield code="0">(RERO)A009988201</subfield><subfield code="2">rerovoc</subfield></datafield><datafield ind1=" " ind2="7" tag="650"><subfield code="a">Sociologie</subfield><subfield code="0">(IDREF)049647490</subfield><subfield code="2">idref</subfield></datafield><datafield ind1=" " ind2="7" tag="650"><subfield code="a">Changement social</subfield><subfield code="0">(IDREF)027285626</subfield><subfield code="2">idref</subfield></datafield><datafield ind1=" " ind2="7" tag="650"><subfield code="a">Direction du personnel</subfield><subfield code="0">(IDREF)027818691</subfield><subfield code="2">idref</subfield></datafield><datafield ind1=" " ind2="7" tag="650"><subfield code="a">GESTION DE LA SANTÉ DANS L'ENTREPRISE</subfield><subfield code="9">fre</subfield><subfield code="0">(ETHUDK)000063777</subfield><subfield code="2">ethudk</subfield></datafield><datafield ind1=" " ind2="7" tag="650"><subfield code="a">GESTION DES RESSOURCES HUMAINES</subfield><subfield code="9">fre</subfield><subfield code="0">(ETHUDK)000032548</subfield><subfield code="2">ethudk</subfield></datafield><datafield ind1=" " ind2="7" tag="650"><subfield code="a">RESSOURCES HUMAINES</subfield><subfield code="9">fre</subfield><subfield code="0">(ETHUDK)000058890</subfield><subfield code="2">ethudk</subfield></datafield><datafield ind1=" " ind2="2" tag="651"><subfield code="a">Switzerland</subfield></datafield><datafield ind1=" " ind2="2" tag="651"><subfield code="a">France</subfield></datafield><datafield ind1=" " ind2="7" tag="655"><subfield code="a">[Études diverses]</subfield><subfield code="0">(RERO)A022249905</subfield><subfield code="2">rero</subfield></datafield><datafield ind1="1" ind2=" " tag="700"><subfield code="a">Beuret-Siess, Rosalie</subfield><subfield code="0">(IDREF)161199062</subfield></datafield><datafield ind1="1" ind2=" " tag="700"><subfield code="a">Le Garrec, Sophie</subfield><subfield code="d">1970-....</subfield><subfield code="0">(IDREF)06947611X</subfield></datafield><datafield ind1=" " ind2=" " tag="900"><subfield code="a">REROnoselfmerge</subfield></datafield></record>
</metadata></record>