<record><header><identifier>oai:alma.41SLSP_UGE:991000794819705502</identifier><datestamp>2024-11-20T01:08:10Z</datestamp><setSpec>uge_bcen_RapidILL_BOOK</setSpec><setSpec>uge_aaca_RapidILL_BOOK</setSpec><setSpec>uge_abels_RapidILL_BOOK</setSpec><setSpec>uge_dbu_RapidILL_BOOK</setSpec><setSpec>uge_cmu_RapidILL_BOOK</setSpec><setSpec>uge_mail_RapidILL_BOOK</setSpec><setSpec>UNIGE_ALL</setSpec><setSpec>uge_abbat_RapidILL_BOOK</setSpec><setSpec>uge_aobs_RapidILL_BOOK</setSpec><setSpec>uge_acar_RapidILL_BOOK</setSpec></header><metadata>
<record xmlns="http://www.loc.gov/MARC21/slim" xmlns:xsi="http://www.w3.org/2001/XMLSchema-instance" xsi:schemaLocation="http://www.loc.gov/MARC21/slim http://www.loc.gov/standards/marcxml/schema/MARC21slim.xsd"><leader>05558nam a2201081 c 4500</leader><controlfield tag="001">991000794819705502</controlfield><controlfield tag="005">20241119074738.0</controlfield><controlfield tag="008">201011t19931993sz ||||| |||| 10| ||ger d</controlfield><datafield ind1=" " ind2=" " tag="019"><subfield code="a">Notices analytiques BFD</subfield><subfield code="5">RERO/28.05.1993/geubfd/gca</subfield></datafield><datafield ind1=" " ind2=" " tag="020"><subfield code="a">3258047812</subfield><subfield code="c">Fr. 60.-</subfield></datafield><datafield ind1=" " ind2=" " tag="035"><subfield code="a">(swissbib)227244761-41slsp_network</subfield></datafield><datafield ind1=" " ind2=" " tag="035"><subfield code="a">227244761</subfield><subfield code="9">ExL</subfield></datafield><datafield ind1=" " ind2=" " tag="035"><subfield code="a">(RERO)1682205-41slsp</subfield></datafield><datafield ind1=" " ind2=" " tag="035"><subfield code="a">(NEBIS)000960257EBI01</subfield></datafield><datafield ind1=" " ind2=" " tag="035"><subfield code="a">(IDSBB)000911454DSV01</subfield></datafield><datafield ind1=" " ind2=" " tag="035"><subfield code="a">(IDSLU)000071621ILU01</subfield></datafield><datafield ind1=" " ind2=" " tag="035"><subfield code="a">(IDSSG)000056293HSB01</subfield></datafield><datafield ind1=" " ind2=" " tag="035"><subfield code="a">(ABN)000285713ABN01</subfield></datafield><datafield ind1=" " ind2=" " tag="035"><subfield code="a">(EXLNZ-41SLSP_NETWORK)991072635139705501</subfield></datafield><datafield ind1=" " ind2=" " tag="040"><subfield code="a">RERO neubfd</subfield><subfield code="b">ger</subfield><subfield code="e">rda</subfield><subfield code="d">CH-ZuSLS</subfield></datafield><datafield ind1="0" ind2=" " tag="041"><subfield code="a">ger</subfield><subfield code="a">fre</subfield></datafield><datafield ind1=" " ind2="7" tag="072"><subfield code="a">dr</subfield><subfield code="2">rero</subfield></datafield><datafield ind1=" " ind2="7" tag="072"><subfield code="a">rg</subfield><subfield code="2">SzZuIDS BS/BE</subfield></datafield><datafield ind1=" " ind2="7" tag="072"><subfield code="a">rw</subfield><subfield code="2">SzZuIDS BS/BE</subfield></datafield><datafield ind1=" " ind2="7" tag="072"><subfield code="a">800</subfield><subfield code="2">IDS LU</subfield></datafield><datafield ind1="0" ind2="0" tag="082"><subfield code="a">344.494/049</subfield><subfield code="a">344.940449</subfield><subfield code="2">20</subfield></datafield><datafield ind1="0" ind2="4" tag="082"><subfield code="a">344.940449</subfield></datafield><datafield ind1="1" ind2="4" tag="082"><subfield code="a">340</subfield><subfield code="2">15</subfield></datafield><datafield ind1=" " ind2=" " tag="084"><subfield code="a">CA/CH 59 e</subfield><subfield code="2">cjurrom</subfield></datafield><datafield ind1=" " ind2=" " tag="084"><subfield code="a">CA/CH 12 e</subfield><subfield code="2">cjurrom</subfield></datafield><datafield ind1=" " ind2=" " tag="084"><subfield code="a">CA/CH 59.2 e</subfield><subfield code="2">cjurrom</subfield></datafield><datafield ind1=" " ind2=" " tag="084"><subfield code="a">PN 982</subfield><subfield code="2">rvk</subfield></datafield><datafield ind1=" " ind2=" " tag="084"><subfield code="a">19</subfield><subfield code="2">sdnb</subfield></datafield><datafield ind1=" " ind2=" " tag="084"><subfield code="a">32</subfield><subfield code="2">sdnb</subfield></datafield><datafield ind1=" " ind2=" " tag="084"><subfield code="a">340</subfield><subfield code="2">sdnb</subfield></datafield><datafield ind1=" " ind2=" " tag="084"><subfield code="a">360</subfield><subfield code="2">sdnb</subfield></datafield><datafield ind1="0" ind2="0" tag="245"><subfield code="a">Recht und Tierschutz</subfield><subfield code="b">Hintergründe, Aussichten</subfield><subfield code="c">Antoine F. Goetschel (Hrsg.) ; verfasst von Helmut Holzhey [und vielen weiteren]</subfield></datafield><datafield ind1=" " ind2="1" tag="264"><subfield code="a">Bern</subfield><subfield code="a">Stuttgart]</subfield><subfield code="b">Verlag Paul Haupt</subfield><subfield code="c">[1993]</subfield></datafield><datafield ind1=" " ind2="4" tag="264"><subfield code="c">© 1993</subfield></datafield><datafield ind1=" " ind2=" " tag="300"><subfield code="a">310 Seiten</subfield><subfield code="b">Illustrationen</subfield><subfield code="c">23 cm</subfield></datafield><datafield ind1=" " ind2=" " tag="336"><subfield code="b">txt</subfield><subfield code="2">rdacontent</subfield></datafield><datafield ind1=" " ind2=" " tag="337"><subfield code="b">n</subfield><subfield code="2">rdamedia</subfield></datafield><datafield ind1=" " ind2=" " tag="338"><subfield code="b">nc</subfield><subfield code="2">rdacarrier</subfield></datafield><datafield ind1=" " ind2=" " tag="500"><subfield code="a">Dieses Buch entstand aus Beiträgen zur Tagung &quot;Recht und Tierschutz&quot; vom 28. bis 30. November 1991 in Beatenberg</subfield></datafield><datafield ind1=" " ind2=" " tag="500"><subfield code="a">Dieses Buch entstand aus Beiträgen zur Tagung &quot;Recht &amp; Tierschutz&quot; vom 28.-30.11.1991 in Beatenberg, veranstaltet von der Vereinigung Tierschutz Ist Rechtspflicht, VTR, Zürich</subfield></datafield><datafield ind1="3" ind2=" " tag="520"><subfield code="a">Der Schutz von Tiere erschöpft sich nicht in der Anwendung des Eidg. Tierschutzgesetzes. Tierschutz ist Teil der gesamten Rechtsordnung. Er steht in wechselseitiger Beziehung zu ganz verschiedenen Rechtsgebieten wie Staats- und Verwaltungsrecht, Straf- und Arzneimittelrecht, Landwirtschafts- und Patentwesen, Prozessrecht und Kriminologie. Im vorliegenden Sammelband der Vereinigung Tierschutz ist Rechtspflicht (VTR) beleuchten Fachleute den Tierschutz unter diesen Aspekten. Die neueste, kurz kommentierte Gerichtspraxis zum Eidg. Tierschutzgesetz ist für juristische Laien von besonderem Interesse. Im weiteren wird ein umfassender Gesetzesentwurf über die Mensch-Tier-Beziehung vorgelegt. Im Mittelpunkt steht die Forderung, dass das Tier in unserer Rechtsordnung nicht mehr als Sache behandelt werden darf.Klappentext</subfield></datafield><datafield ind1=" " ind2="7" tag="650"><subfield code="a">Tierschutz</subfield><subfield code="9">ger</subfield><subfield code="0">(RERO)jurivoc000022491ger</subfield><subfield code="2">jurivoc</subfield></datafield><datafield ind1=" " ind2="7" tag="650"><subfield code="a">Droit</subfield><subfield code="0">(IDREF)027466868</subfield><subfield code="2">idref</subfield></datafield><datafield ind1=" " ind2="7" tag="650"><subfield code="a">Animaux</subfield><subfield code="0">(IDREF)027243745</subfield><subfield code="2">idref</subfield></datafield><datafield ind1=" " ind2="7" tag="650"><subfield code="a">Protection</subfield><subfield code="0">(IDREF)027790150</subfield><subfield code="2">idref</subfield></datafield><datafield ind1=" " ind2="7" tag="650"><subfield code="a">Tierschutzrecht</subfield><subfield code="2">idszbz</subfield></datafield><datafield ind1=" " ind2="2" tag="650"><subfield code="a">Animal Welfare</subfield><subfield code="0">(DNLM)D000827</subfield></datafield><datafield ind1=" " ind2="2" tag="650"><subfield code="a">Animal Welfare</subfield><subfield code="x">legislation &amp; jurisprudence</subfield><subfield code="0">(DNLM)D000827Q000331</subfield></datafield><datafield ind1=" " ind2="0" tag="650"><subfield code="a">Animal welfare</subfield><subfield code="x">Law and legislation</subfield><subfield code="z">Switzerland</subfield></datafield><datafield ind1=" " ind2="0" tag="650"><subfield code="a">Animal welfare</subfield><subfield code="z">Switzerland</subfield></datafield><datafield ind1=" " ind2="7" tag="650"><subfield code="a">PATENTSCHUTZ VON TRANSGENEN ORGANISMEN (ERFINDUNGSSCHUTZ, PATENTSCHUTZ)</subfield><subfield code="9">ger</subfield><subfield code="0">(ETHUDK)000050868</subfield><subfield code="2">ethudk</subfield></datafield><datafield ind1=" " ind2="7" tag="650"><subfield code="a">PETITIONSRECHT + BERUFUNGSRECHT + BESCHWERDERECHT (STAATSRECHT)</subfield><subfield code="9">ger</subfield><subfield code="0">(ETHUDK)000011164</subfield><subfield code="2">ethudk</subfield></datafield><datafield ind1=" " ind2="7" tag="650"><subfield code="a">SCHWEIZ (MITTELEUROPA). SCHWEIZERISCHE EIDGENOSSENSCHAFT</subfield><subfield code="9">ger</subfield><subfield code="0">(ETHUDK)000004571</subfield><subfield code="2">ethudk</subfield></datafield><datafield ind1=" " ind2="7" tag="650"><subfield code="a">TIERQUÄLEREI (STRAFRECHT)</subfield><subfield code="9">ger</subfield><subfield code="0">(ETHUDK)000037232</subfield><subfield code="2">ethudk</subfield></datafield><datafield ind1=" " ind2="7" tag="650"><subfield code="a">TIERSCHUTZ (ETHIK)</subfield><subfield code="9">ger</subfield><subfield code="0">(ETHUDK)000009784</subfield><subfield code="2">ethudk</subfield></datafield><datafield ind1=" " ind2="7" tag="650"><subfield code="a">Tierschutzrecht</subfield><subfield code="z">Schweiz</subfield><subfield code="v">Kongressbericht</subfield><subfield code="2">idsbb</subfield></datafield><datafield ind1=" " ind2="4" tag="650"><subfield code="a">Tierschutzrecht</subfield></datafield><datafield ind1=" " ind2="7" tag="650"><subfield code="a">Recht</subfield><subfield code="0">(DE-588)4048737-4</subfield><subfield code="2">gnd</subfield></datafield><datafield ind1=" " ind2="7" tag="650"><subfield code="a">Tierschutz</subfield><subfield code="0">(DE-588)4060131-6</subfield><subfield code="2">gnd</subfield></datafield><datafield ind1=" " ind2="7" tag="650"><subfield code="a">Tierschutzrecht</subfield><subfield code="0">(DE-588)4117225-5</subfield><subfield code="2">gnd</subfield></datafield><datafield ind1=" " ind2="7" tag="651"><subfield code="a">Schweiz</subfield><subfield code="9">ger</subfield><subfield code="0">(RERO)jurivoc000019912ger</subfield><subfield code="2">jurivoc</subfield></datafield><datafield ind1=" " ind2="7" tag="651"><subfield code="a">Suisse</subfield><subfield code="0">(IDREF)027249654</subfield><subfield code="2">idref</subfield></datafield><datafield ind1=" " ind2="7" tag="651"><subfield code="a">Schweiz</subfield><subfield code="2">idszbz</subfield></datafield><datafield ind1=" " ind2="2" tag="651"><subfield code="a">Switzerland</subfield><subfield code="0">(DNLM)D013557</subfield></datafield><datafield ind1=" " ind2="4" tag="651"><subfield code="a">Schweiz</subfield></datafield><datafield ind1=" " ind2="7" tag="651"><subfield code="a">Schweiz</subfield><subfield code="0">(DE-588)4053881-3</subfield><subfield code="2">gnd</subfield></datafield><datafield ind1=" " ind2="7" tag="655"><subfield code="a">Actes de congrès</subfield><subfield code="0">(IDREF)02886431X</subfield><subfield code="2">idref</subfield></datafield><datafield ind1=" " ind2="2" tag="655"><subfield code="a">Congress</subfield></datafield><datafield ind1=" " ind2="7" tag="655"><subfield code="a">Aufsatzsammlung</subfield><subfield code="2">idszbz</subfield></datafield><datafield ind1=" " ind2="7" tag="655"><subfield code="a">Konferenzschrift</subfield><subfield code="z">Beatenberg</subfield><subfield code="y">1991/11</subfield><subfield code="2">gnd-content</subfield></datafield><datafield ind1=" " ind2="7" tag="655"><subfield code="a">Konferenzschrift</subfield><subfield code="z">Beatenberg</subfield><subfield code="y">1991</subfield><subfield code="2">gnd-content</subfield></datafield><datafield ind1=" " ind2="7" tag="655"><subfield code="a">Aufsatzsammlung</subfield><subfield code="2">gnd-content</subfield></datafield><datafield ind1=" " ind2=" " tag="690"><subfield code="a">Tier</subfield><subfield code="2">uzb-UH</subfield></datafield><datafield ind1=" " ind2=" " tag="690"><subfield code="a">Rechte</subfield><subfield code="2">uzb-UH</subfield></datafield><datafield ind1=" " ind2=" " tag="690"><subfield code="a">Schweiz</subfield><subfield code="2">uzb-UH</subfield></datafield><datafield ind1=" " ind2=" " tag="690"><subfield code="a">Tierschutz. Schweiz, B: Recht</subfield><subfield code="2">rzs-L1</subfield></datafield><datafield ind1=" " ind2=" " tag="690"><subfield code="a">Tierschutzrecht. Schweiz. A</subfield><subfield code="2">rzs-L1</subfield></datafield><datafield ind1=" " ind2=" " tag="690"><subfield code="a">Laws</subfield><subfield code="2">ubs-SVGVM</subfield></datafield><datafield ind1=" " ind2=" " tag="691"><subfield code="e">PC 59 CH</subfield><subfield code="2">rzs-L1</subfield></datafield><datafield ind1="1" ind2=" " tag="700"><subfield code="a">Holzhey, Helmut</subfield><subfield code="d">1937-</subfield><subfield code="6">880-02</subfield><subfield code="0">(DE-588)107461803</subfield><subfield code="4">aut</subfield></datafield><datafield ind1="1" ind2=" " tag="880"><subfield code="6">700-02</subfield><subfield code="a">Holzhey, Helmut</subfield><subfield code="c">philosophe</subfield><subfield code="d">1937-....</subfield><subfield code="0">(IDREF)028478843</subfield><subfield code="4">aut</subfield></datafield><datafield ind1="1" ind2=" " tag="700"><subfield code="6">880-03</subfield><subfield code="a">Goetschel, Antoine F.</subfield><subfield code="d">1958-</subfield><subfield code="0">(DE-588)123542979</subfield><subfield code="4">edt</subfield><subfield code="4">aut</subfield></datafield><datafield ind1="1" ind2=" " tag="880"><subfield code="6">700-03</subfield><subfield code="a">Goetschel, Antoine F.</subfield><subfield code="0">(RERO)A003304503</subfield><subfield code="4">edt</subfield><subfield code="4">aut</subfield></datafield><datafield ind1="2" ind2=" " tag="710"><subfield code="a">Vereinigung Tierschutz Ist Rechtspflicht</subfield><subfield code="0">(DE-588)2094405-6</subfield><subfield code="4">isb</subfield></datafield><datafield ind1="2" ind2=" " tag="710"><subfield code="a">Protection suisse des animaux</subfield><subfield code="b">Vereinigung &quot;Tierschutz ist Rechtspflicht&quot;</subfield><subfield code="0">(RERO)A000133563</subfield><subfield code="4">isb</subfield></datafield><datafield ind1="2" ind2=" " tag="711"><subfield code="a">Tagung Recht &amp; Tierschutz</subfield><subfield code="d">1991</subfield><subfield code="c">Beatenberg</subfield><subfield code="0">(DE-588)2128767-3</subfield><subfield code="4">aut</subfield></datafield><datafield ind1="2" ind2=" " tag="711"><subfield code="a">Tagung &quot;Recht und Tierschutz&quot;</subfield><subfield code="d">1991</subfield><subfield code="c">Beatenberg</subfield><subfield code="0">(RERO)A012449455</subfield></datafield><datafield ind1="4" ind2="2" tag="856"><subfield code="3">Titelblatt und Inhaltsverzeichnis</subfield><subfield code="q">PDF</subfield><subfield code="u">https://urn.ub.unibe.ch/urn:ch:slsp:zbz:3258047812:ihv:pdf</subfield></datafield><datafield ind1=" " ind2=" " tag="949"><subfield code="a">https://urn.ub.unibe.ch/urn:ch:slsp:zbz:3258047812:ihv:pdf</subfield></datafield></record>
</metadata></record>