<record><header><identifier>oai:alma.41SLSP_UGE:991000770219705502</identifier><datestamp>2023-03-01T01:10:04Z</datestamp><setSpec>uge_bcen_RapidILL_BOOK</setSpec><setSpec>uge_aaca_RapidILL_BOOK</setSpec><setSpec>uge_abels_RapidILL_BOOK</setSpec><setSpec>uge_dbu_RapidILL_BOOK</setSpec><setSpec>uge_cmu_RapidILL_BOOK</setSpec><setSpec>uge_mail_RapidILL_BOOK</setSpec><setSpec>UNIGE_ALL</setSpec><setSpec>uge_abbat_RapidILL_BOOK</setSpec><setSpec>uge_aobs_RapidILL_BOOK</setSpec><setSpec>uge_acar_RapidILL_BOOK</setSpec></header><metadata>
<record xmlns="http://www.loc.gov/MARC21/slim" xmlns:xsi="http://www.w3.org/2001/XMLSchema-instance" xsi:schemaLocation="http://www.loc.gov/MARC21/slim http://www.loc.gov/standards/marcxml/schema/MARC21slim.xsd"><leader>03110nam a2200373 c 4500</leader><controlfield tag="001">991000770219705502</controlfield><controlfield tag="005">20201225191004.0</controlfield><controlfield tag="008">911030s1953    ru ||||| |||| 00| ||rus d</controlfield><datafield ind1=" " ind2=" " tag="035"><subfield code="a">(swissbib)086020080-41slsp_network</subfield></datafield><datafield ind1=" " ind2=" " tag="035"><subfield code="a">086020080</subfield><subfield code="9">ExL</subfield></datafield><datafield ind1=" " ind2=" " tag="035"><subfield code="a">(RERO)1447297-41slsp</subfield></datafield><datafield ind1=" " ind2=" " tag="035"><subfield code="a">(EXLNZ-41SLSP_NETWORK)991125370509705501</subfield></datafield><datafield ind1=" " ind2=" " tag="040"><subfield code="a">RERO frbcuc</subfield><subfield code="d">CH-ZuSLS</subfield></datafield><datafield ind1=" " ind2="7" tag="072"><subfield code="a">ru</subfield><subfield code="2">rero</subfield></datafield><datafield ind1="1" ind2=" " tag="100"><subfield code="6">880-01</subfield><subfield code="a">Kolʹt︠s︡ov, Alekseĭ Vasilʹevich</subfield><subfield code="0">(RERO)A008982770</subfield><subfield code="4">cre</subfield></datafield><datafield ind1="1" ind2=" " tag="880"><subfield code="6">100-01/(N</subfield><subfield code="a">Кольцов, Алексей Васильевич</subfield></datafield><datafield ind1="1" ind2="0" tag="245"><subfield code="6">880-02</subfield><subfield code="a">Stikhotvorenii︠a︡</subfield><subfield code="c">A.V. Kolʹt︠s︡ov ; [vstup. statʹi︠a︡, podgotovka teksta i primechanii︠a︡ L. Plotkina]</subfield></datafield><datafield ind1="1" ind2="0" tag="880"><subfield code="6">245-02/(N</subfield><subfield code="a">Стихотворения</subfield><subfield code="c">А.В. Кольцов ; [вступ. статья, подготовка текста и примечания Л. Плоткина]</subfield></datafield><datafield ind1="1" ind2=" " tag="246"><subfield code="a">Stichotvorenija / A.V. Kolʹcov ; [vstup. statʹja, podgotovka teksta i primečanija L. Plotkina]</subfield></datafield><datafield ind1=" " ind2=" " tag="250"><subfield code="6">880-03</subfield><subfield code="a">Izd. 3e</subfield></datafield><datafield ind1=" " ind2=" " tag="880"><subfield code="6">250-03/(N</subfield><subfield code="a">Изд. 3е</subfield></datafield><datafield ind1=" " ind2="1" tag="264"><subfield code="6">880-04</subfield><subfield code="a">Leningrad</subfield><subfield code="b">Sovetskij Pisatel'</subfield><subfield code="c">1953</subfield></datafield><datafield ind1=" " ind2="1" tag="880"><subfield code="6">264-04/(N</subfield><subfield code="a">Ленинград</subfield><subfield code="b">Советский Писатель</subfield><subfield code="c">1953</subfield></datafield><datafield ind1=" " ind2=" " tag="300"><subfield code="a">326 p., [1] f. de portr.</subfield><subfield code="c">14 cm</subfield></datafield><datafield ind1=" " ind2=" " tag="336"><subfield code="b">txt</subfield><subfield code="2">rdacontent</subfield></datafield><datafield ind1=" " ind2=" " tag="337"><subfield code="b">n</subfield><subfield code="2">rdamedia</subfield></datafield><datafield ind1=" " ind2=" " tag="338"><subfield code="b">nc</subfield><subfield code="2">rdacarrier</subfield></datafield><datafield ind1="1" ind2=" " tag="490"><subfield code="6">880-05</subfield><subfield code="a">Biblioteka Poėta. Malaja serija</subfield></datafield><datafield ind1="0" ind2=" " tag="880"><subfield code="6">490-05/(N</subfield><subfield code="a">Библиотека Поэта. Малая серия</subfield></datafield><datafield ind1="1" ind2="7" tag="600"><subfield code="a">Koltsov, Alexis</subfield><subfield code="0">(RERO)A010002381</subfield><subfield code="2">rero</subfield></datafield><datafield ind1="1" ind2=" " tag="700"><subfield code="6">880-06</subfield><subfield code="a">Plotkine, Lev Abramovitch</subfield><subfield code="d">1906-1978</subfield><subfield code="0">(IDREF)078817994</subfield></datafield><datafield ind1="1" ind2=" " tag="880"><subfield code="6">700-06/(N</subfield><subfield code="a">Плоткин, Лев Абрамович</subfield></datafield><datafield ind1=" " ind2=" " tag="830"><subfield code="6">880-07</subfield><subfield code="a">Biblioteka Poėta</subfield><subfield code="p">Malai︠a︡ serii︠a︡</subfield><subfield code="w">(RERO)0463783-41slsp</subfield></datafield><datafield ind1=" " ind2="0" tag="880"><subfield code="6">830-07/(N</subfield><subfield code="a">Библиотека Поэта</subfield><subfield code="p">Малая серия</subfield></datafield><datafield ind1=" " ind2=" " tag="900"><subfield code="a">REROnoselfmerge</subfield></datafield></record>
</metadata></record>