<record><header><identifier>oai:alma.41SLSP_UGE:991000769699705502</identifier><datestamp>2023-04-23T00:11:54Z</datestamp><setSpec>uge_bcen_RapidILL_BOOK</setSpec><setSpec>uge_aaca_RapidILL_BOOK</setSpec><setSpec>uge_abels_RapidILL_BOOK</setSpec><setSpec>uge_dbu_RapidILL_BOOK</setSpec><setSpec>uge_cmu_RapidILL_BOOK</setSpec><setSpec>uge_mail_RapidILL_BOOK</setSpec><setSpec>uge_abbat_RapidILL_BOOK</setSpec><setSpec>UNIGE_ALL</setSpec><setSpec>uge_acar_RapidILL_BOOK</setSpec><setSpec>uge_aobs_RapidILL_BOOK</setSpec></header><metadata>
<record xmlns="http://www.loc.gov/MARC21/slim" xmlns:xsi="http://www.w3.org/2001/XMLSchema-instance" xsi:schemaLocation="http://www.loc.gov/MARC21/slim http://www.loc.gov/standards/marcxml/schema/MARC21slim.xsd"><leader>01462nam a2200361 c 4500</leader><controlfield tag="001">991000769699705502</controlfield><controlfield tag="005">20230422210057.0</controlfield><controlfield tag="008">201012s1985    fr ||||| |||| 00| ||fre d</controlfield><datafield ind1=" " ind2=" " tag="020"><subfield code="a">2712405781</subfield></datafield><datafield ind1="7" ind2=" " tag="024"><subfield code="a">http://catalogue.bnf.fr/ark:/12148/cb348469409</subfield><subfield code="2">uri</subfield></datafield><datafield ind1=" " ind2=" " tag="035"><subfield code="a">(swissbib)233666737-41slsp_network</subfield></datafield><datafield ind1=" " ind2=" " tag="035"><subfield code="a">233666737</subfield><subfield code="9">ExL</subfield></datafield><datafield ind1=" " ind2=" " tag="035"><subfield code="a">(RERO)0656074-41slsp</subfield></datafield><datafield ind1=" " ind2=" " tag="035"><subfield code="a">(NEBIS)000502616EBI01</subfield></datafield><datafield ind1=" " ind2=" " tag="035"><subfield code="a">(EXLNZ-41SLSP_NETWORK)991084180579705501</subfield></datafield><datafield ind1=" " ind2=" " tag="040"><subfield code="a">RERO labcur</subfield><subfield code="d">CH-ZuSLS</subfield></datafield><datafield ind1=" " ind2="7" tag="072"><subfield code="a">in</subfield><subfield code="2">rero</subfield></datafield><datafield ind1="1" ind2=" " tag="100"><subfield code="a">Gabriel, Marc</subfield><subfield code="d">1944-....</subfield><subfield code="0">(IDREF)026877562</subfield><subfield code="4">cre</subfield></datafield><datafield ind1="1" ind2="0" tag="245"><subfield code="a">&lt;&lt;Le&gt;&gt; vidéodisque</subfield><subfield code="b">banque d'images interactive</subfield><subfield code="c">Marc Gabriel, Gérard Germain ; avec la collab. de Jean-Jacques Davaine</subfield></datafield><datafield ind1=" " ind2="1" tag="264"><subfield code="a">Paris</subfield><subfield code="b">Cedic</subfield><subfield code="b">Nathan</subfield><subfield code="c">1985</subfield></datafield><datafield ind1=" " ind2=" " tag="300"><subfield code="a">159 p.</subfield><subfield code="b">ill.</subfield><subfield code="c">23 cm</subfield></datafield><datafield ind1=" " ind2=" " tag="336"><subfield code="b">txt</subfield><subfield code="2">rdacontent</subfield></datafield><datafield ind1=" " ind2=" " tag="337"><subfield code="b">n</subfield><subfield code="2">rdamedia</subfield></datafield><datafield ind1=" " ind2=" " tag="338"><subfield code="b">nc</subfield><subfield code="2">rdacarrier</subfield></datafield><datafield ind1="1" ind2=" " tag="490"><subfield code="a">Vidéodisque</subfield></datafield><datafield ind1=" " ind2="7" tag="650"><subfield code="a">Vidéodisques</subfield><subfield code="0">(IDREF)027706419</subfield><subfield code="2">idref</subfield></datafield><datafield ind1=" " ind2="7" tag="650"><subfield code="a">DIGITALSPEICHER + DIGITALREGISTER (ELEKTRISCHE INFORMATIONSSPEICHER)</subfield><subfield code="9">ger</subfield><subfield code="0">(ETHUDK)000028637</subfield><subfield code="2">ethudk</subfield></datafield><datafield ind1=" " ind2="7" tag="650"><subfield code="a">OPTISCHE SPEICHER (HARDWARE)</subfield><subfield code="9">ger</subfield><subfield code="0">(ETHUDK)000034757</subfield><subfield code="2">ethudk</subfield></datafield><datafield ind1=" " ind2="7" tag="650"><subfield code="a">VIDEOPLATTEN + BILDPLATTEN (ELEKTRISCHE INFORMATIONSSPEICHER)</subfield><subfield code="9">ger</subfield><subfield code="0">(ETHUDK)000041284</subfield><subfield code="2">ethudk</subfield></datafield><datafield ind1=" " ind2="7" tag="655"><subfield code="a">Guides pratiques</subfield><subfield code="0">(IDREF)027790045</subfield><subfield code="2">idref</subfield></datafield><datafield ind1="1" ind2=" " tag="700"><subfield code="a">Davaine, Jean-Jacques</subfield><subfield code="0">(IDREF)112801986</subfield></datafield><datafield ind1="1" ind2=" " tag="700"><subfield code="a">Germain, Gérard</subfield><subfield code="0">(RERO)A003290414</subfield></datafield><datafield ind1=" " ind2="0" tag="830"><subfield code="a">Vidéodisque</subfield><subfield code="w">(RERO)0656080-41slsp</subfield></datafield><datafield ind1=" " ind2=" " tag="900"><subfield code="a">REROnoselfmerge</subfield></datafield></record>
</metadata></record>