<record><header><identifier>oai:alma.41SLSP_UGE:991000770009705502</identifier><datestamp>2024-06-17T00:07:53Z</datestamp><setSpec>uge_bcen_RapidILL_BOOK</setSpec><setSpec>uge_aaca_RapidILL_BOOK</setSpec><setSpec>uge_abels_RapidILL_BOOK</setSpec><setSpec>uge_dbu_RapidILL_BOOK</setSpec><setSpec>uge_cmu_RapidILL_BOOK</setSpec><setSpec>uge_mail_RapidILL_BOOK</setSpec><setSpec>uge_abbat_RapidILL_BOOK</setSpec><setSpec>UNIGE_ALL</setSpec><setSpec>uge_aobs_RapidILL_BOOK</setSpec><setSpec>uge_acar_RapidILL_BOOK</setSpec></header><metadata>
<record xmlns="http://www.loc.gov/MARC21/slim" xmlns:xsi="http://www.w3.org/2001/XMLSchema-instance" xsi:schemaLocation="http://www.loc.gov/MARC21/slim http://www.loc.gov/standards/marcxml/schema/MARC21slim.xsd"><leader>01936nam a2200541 ca4500</leader><controlfield tag="001">991000770009705502</controlfield><controlfield tag="005">20201126043123.0</controlfield><controlfield tag="008">201012s1976    ve ||||| |||| 00| ||spa d</controlfield><datafield ind1=" " ind2=" " tag="035"><subfield code="a">(swissbib)239234758-41slsp_network</subfield></datafield><datafield ind1=" " ind2=" " tag="035"><subfield code="a">239234758</subfield><subfield code="9">ExL</subfield></datafield><datafield ind1=" " ind2=" " tag="035"><subfield code="a">(RERO)1055270-41slsp</subfield></datafield><datafield ind1=" " ind2=" " tag="035"><subfield code="a">(IDSBB)000433309DSV01</subfield></datafield><datafield ind1=" " ind2=" " tag="035"><subfield code="a">(NEBIS)003151088EBI01</subfield></datafield><datafield ind1=" " ind2=" " tag="035"><subfield code="a">(IDSSG)000365190HSB01</subfield></datafield><datafield ind1=" " ind2=" " tag="035"><subfield code="a">1055270</subfield></datafield><datafield ind1=" " ind2=" " tag="035"><subfield code="a">(EXLNZ-41SLSP_NETWORK)991025654769705501</subfield></datafield><datafield ind1=" " ind2=" " tag="040"><subfield code="a">RERO geulit</subfield><subfield code="d">CH-ZuSLS</subfield></datafield><datafield ind1=" " ind2="7" tag="072"><subfield code="a">ht</subfield><subfield code="2">rero</subfield></datafield><datafield ind1=" " ind2="7" tag="072"><subfield code="a">et</subfield><subfield code="2">rero</subfield></datafield><datafield ind1=" " ind2="7" tag="072"><subfield code="a">es</subfield><subfield code="2">SzZuIDS BS/BE</subfield></datafield><datafield ind1="0" ind2="4" tag="082"><subfield code="a">985.01</subfield></datafield><datafield ind1="1" ind2="4" tag="082"><subfield code="a">863.3</subfield><subfield code="2">21</subfield></datafield><datafield ind1="0" ind2=" " tag="100"><subfield code="a">Garcilaso de la Vega</subfield><subfield code="d">1539-1616</subfield><subfield code="0">(RERO)A000069377</subfield><subfield code="4">cre</subfield></datafield><datafield ind1="1" ind2="0" tag="245"><subfield code="a">Comentarios reales de los Incas</subfield><subfield code="c">Inca Garcilaso de la Vega ; prólogo, ed. y cronología: Aurelio Miró Quesada</subfield></datafield><datafield ind1=" " ind2="1" tag="264"><subfield code="a">Caracas</subfield><subfield code="b">Biblioteca Ayacucho</subfield><subfield code="c">1976</subfield></datafield><datafield ind1=" " ind2=" " tag="300"><subfield code="a">2 vol.</subfield><subfield code="c">23 cm</subfield></datafield><datafield ind1=" " ind2=" " tag="336"><subfield code="b">txt</subfield><subfield code="2">rdacontent</subfield></datafield><datafield ind1=" " ind2=" " tag="337"><subfield code="b">n</subfield><subfield code="2">rdamedia</subfield></datafield><datafield ind1=" " ind2=" " tag="338"><subfield code="b">nc</subfield><subfield code="2">rdacarrier</subfield></datafield><datafield ind1="1" ind2=" " tag="490"><subfield code="a">Biblioteca Ayacucho</subfield><subfield code="v">5</subfield><subfield code="v">6</subfield></datafield><datafield ind1=" " ind2="0" tag="650"><subfield code="a">Incas</subfield></datafield><datafield ind1=" " ind2="0" tag="650"><subfield code="a">Indians of South America</subfield><subfield code="z">Peru</subfield></datafield><datafield ind1=" " ind2="7" tag="650"><subfield code="a">Inka</subfield><subfield code="g">Volk</subfield><subfield code="0">(DE-588)4027023-3</subfield><subfield code="2">gnd</subfield></datafield><datafield ind1=" " ind2="7" tag="651"><subfield code="a">Spanisch</subfield><subfield code="z">Peru</subfield><subfield code="2">swd</subfield></datafield><datafield ind1=" " ind2="0" tag="651"><subfield code="a">Peru</subfield><subfield code="x">History</subfield><subfield code="y">To 1548</subfield></datafield><datafield ind1=" " ind2=" " tag="690"><subfield code="a">Inka / 1970- ersch.</subfield><subfield code="2">uzb-Z9</subfield></datafield><datafield ind1=" " ind2=" " tag="690"><subfield code="a">*SE13</subfield><subfield code="d">Inca - Inka (1200-1600)</subfield><subfield code="2">uzb-UI</subfield></datafield><datafield ind1=" " ind2=" " tag="690"><subfield code="a">175</subfield><subfield code="d">Recorded history - aufgezeichnete Geschichte</subfield><subfield code="2">uzb-UI</subfield></datafield><datafield ind1=" " ind2=" " tag="690"><subfield code="a">180</subfield><subfield code="d">Total culture - ethnographische Monographien</subfield><subfield code="2">uzb-UI</subfield></datafield><datafield ind1=" " ind2=" " tag="690"><subfield code="a">Garcilaso, Inca</subfield><subfield code="2">uzb-VH</subfield></datafield><datafield ind1=" " ind2=" " tag="690"><subfield code="a">Garcilaso, Inca : Comentarios Reales</subfield><subfield code="2">uzb-VH</subfield></datafield><datafield ind1="1" ind2=" " tag="700"><subfield code="a">Miró Quesada Sosa, Aurelio</subfield><subfield code="d">1907-1998</subfield><subfield code="0">(DE-588)118911821</subfield></datafield><datafield ind1="1" ind2=" " tag="700"><subfield code="a">Vega, Garcilaso &lt;&lt;de la&gt;&gt;</subfield><subfield code="d">1539-1616</subfield><subfield code="0">(DE-588)118716352</subfield></datafield><datafield ind1="1" ind2=" " tag="700"><subfield code="a">Miró Quesada, Aurelio</subfield><subfield code="0">(RERO)A000114556</subfield></datafield><datafield ind1=" " ind2=" " tag="830"><subfield code="a">Biblioteca Ayacucho</subfield><subfield code="v">5,6</subfield><subfield code="w">(RERO)0852892-41slsp</subfield></datafield><datafield ind1=" " ind2=" " tag="830"><subfield code="a">Biblioteca Ayacucho</subfield><subfield code="v">5-6</subfield><subfield code="w">(NEBIS)000989102EBI01</subfield></datafield><datafield ind1=" " ind2=" " tag="900"><subfield code="a">REROnoselfmerge</subfield></datafield><datafield ind1=" " ind2=" " tag="900"><subfield code="a">IDSZRMedeaZBZ</subfield></datafield><datafield ind1=" " ind2=" " tag="900"><subfield code="f">IDSU2medea</subfield></datafield><datafield ind1=" " ind2=" " tag="993"><subfield code="a">FLZ 4210/5/6</subfield><subfield code="x">ge/ules/a/flz 4210/5</subfield><subfield code="9">LOCAL</subfield></datafield><datafield ind1=" " ind2=" " tag="993"><subfield code="a">BFLA 33069</subfield><subfield code="x">ge/ules/a/flz 4210/5/6</subfield><subfield code="9">LOCAL</subfield></datafield></record>
</metadata></record>