<record><header><identifier>oai:alma.41SLSP_UGE:991000769839705502</identifier><datestamp>2024-04-05T00:23:44Z</datestamp><setSpec>uge_cmu_RapidILL_JOURNAL</setSpec><setSpec>uge_aobs_RapidILL_JOURNAL</setSpec><setSpec>uge_aaca_RapidILL_JOURNAL</setSpec><setSpec>uge_abbat_RapidILL_JOURNAL</setSpec><setSpec>uge_bcen_RapidILL_JOURNAL</setSpec><setSpec>uge_mail_RapidILL_JOURNAL</setSpec><setSpec>uge_dbu_RapidILL_JOURNAL</setSpec><setSpec>uge_abels_RapidILL_JOURNAL</setSpec><setSpec>UNIGE_ALL</setSpec><setSpec>uge_acar_RapidILL_JOURNAL</setSpec></header><metadata>
<record xmlns="http://www.loc.gov/MARC21/slim" xmlns:xsi="http://www.w3.org/2001/XMLSchema-instance" xsi:schemaLocation="http://www.loc.gov/MARC21/slim http://www.loc.gov/standards/marcxml/schema/MARC21slim.xsd"><leader>03500nas a2200661 c 4500</leader><controlfield tag="001">991000769839705502</controlfield><controlfield tag="005">20240404155318.0</controlfield><controlfield tag="008">201011d19822013sz || p|  ||| 0    0ger d</controlfield><datafield ind1=" " ind2=" " tag="035"><subfield code="a">(swissbib)220359423-41slsp_network</subfield></datafield><datafield ind1=" " ind2=" " tag="035"><subfield code="a">220359423</subfield><subfield code="9">ExL</subfield></datafield><datafield ind1=" " ind2=" " tag="035"><subfield code="a">(RERO)0463769-41slsp</subfield></datafield><datafield ind1=" " ind2=" " tag="035"><subfield code="a">(IDSSG)000011823HSB01</subfield></datafield><datafield ind1=" " ind2=" " tag="035"><subfield code="a">(EXLNZ-41SLSP_NETWORK)991062134219705501</subfield></datafield><datafield ind1=" " ind2=" " tag="040"><subfield code="a">RERO</subfield><subfield code="d">CH-ZuSLS</subfield></datafield><datafield ind1=" " ind2=" " tag="044"><subfield code="a">sz</subfield><subfield code="c">ch-lu</subfield></datafield><datafield ind1=" " ind2="7" tag="072"><subfield code="a">dr</subfield><subfield code="2">rero</subfield></datafield><datafield ind1="7" ind2="4" tag="082"><subfield code="a">340</subfield><subfield code="2">23sdnb</subfield></datafield><datafield ind1=" " ind2=" " tag="084"><subfield code="a">CA/CH-LU 11 d</subfield><subfield code="2">cjurrom</subfield></datafield><datafield ind1="0" ind2="0" tag="245"><subfield code="a">Luzerner Gerichts- und Verwaltungsentscheide</subfield></datafield><datafield ind1="1" ind2=" " tag="246"><subfield code="a">LGVE</subfield></datafield><datafield ind1=" " ind2="1" tag="264"><subfield code="a">Luzern</subfield><subfield code="b">[Staatskanzlei]</subfield></datafield><datafield ind1=" " ind2=" " tag="310"><subfield code="a">Annuel</subfield></datafield><datafield ind1=" " ind2=" " tag="336"><subfield code="b">txt</subfield><subfield code="2">rdacontent</subfield></datafield><datafield ind1=" " ind2=" " tag="337"><subfield code="b">n</subfield><subfield code="2">rdamedia</subfield></datafield><datafield ind1=" " ind2=" " tag="338"><subfield code="b">nc</subfield><subfield code="2">rdacarrier</subfield></datafield><datafield ind1="0" ind2=" " tag="362"><subfield code="a">1981-2012 (print-Ausgabe)</subfield></datafield><datafield ind1=" " ind2=" " tag="500"><subfield code="a">Titre abrégé : LGVE</subfield></datafield><datafield ind1=" " ind2=" " tag="500"><subfield code="a">Luzern (Kanton). - Jurisprudence</subfield></datafield><datafield ind1=" " ind2=" " tag="500"><subfield code="a">Dès 2013 ne paraît plus sous forme papier</subfield></datafield><datafield ind1=" " ind2=" " tag="500"><subfield code="a">Enthält: Teil 1, Obergericht - Teil 2, Verwaltungsgericht - Teil 3, Regierungsrat. - Printausg. mit LGVE 2012 eingestellt, später nur noch online</subfield></datafield><datafield ind1=" " ind2=" " tag="530"><subfield code="a">Existe aussi en version électronique, voir à l'adresse suivante: www.gerichte.lu.ch/rechtsprechung</subfield></datafield><datafield ind1=" " ind2=" " tag="580"><subfield code="a">Fait suite à: Luzerner Gerichts- und Verwaltungsentscheide. Teil 1, Obergericht. Et à : Luzerner Gerichts- und Verwaltungsentscheide. Teil 2, Verwaltungsgericht. Et à : Luzerner Gerichts- und Verwaltungsentscheide. Teil 3, Regierungsrat</subfield></datafield><datafield ind1="1" ind2="7" tag="610"><subfield code="a">Kanton Luzern</subfield><subfield code="b">Obergericht</subfield><subfield code="0">(DE-588)45219-1</subfield><subfield code="2">gnd</subfield></datafield><datafield ind1="1" ind2="7" tag="610"><subfield code="a">Kanton Luzern</subfield><subfield code="b">Verwaltungsgericht</subfield><subfield code="0">(DE-588)1086941705</subfield><subfield code="2">gnd</subfield></datafield><datafield ind1="1" ind2="7" tag="610"><subfield code="a">Kanton Luzern</subfield><subfield code="b">Regierungsrat</subfield><subfield code="0">(DE-588)64452-3</subfield><subfield code="2">gnd</subfield></datafield><datafield ind1=" " ind2="7" tag="650"><subfield code="a">Gerichts- und Verwaltungspraxis</subfield><subfield code="9">ger</subfield><subfield code="0">(RERO)jurivoc000009624ger</subfield><subfield code="2">jurivoc</subfield></datafield><datafield ind1=" " ind2="7" tag="650"><subfield code="a">richterliche Behörde</subfield><subfield code="9">ger</subfield><subfield code="0">(RERO)jurivoc000018932ger</subfield><subfield code="2">jurivoc</subfield></datafield><datafield ind1=" " ind2="7" tag="650"><subfield code="a">kantonale Behörde</subfield><subfield code="9">ger</subfield><subfield code="0">(RERO)jurivoc000012350ger</subfield><subfield code="2">jurivoc</subfield></datafield><datafield ind1=" " ind2="7" tag="651"><subfield code="a">Schweiz</subfield><subfield code="9">ger</subfield><subfield code="0">(RERO)jurivoc000019912ger</subfield><subfield code="2">jurivoc</subfield></datafield><datafield ind1=" " ind2="7" tag="651"><subfield code="a">Luzern(Kanton)</subfield><subfield code="9">ger</subfield><subfield code="0">(RERO)jurivoc000014520ger</subfield><subfield code="2">jurivoc</subfield></datafield><datafield ind1=" " ind2="7" tag="655"><subfield code="a">Entscheidsammlung</subfield><subfield code="9">ger</subfield><subfield code="2">jurivoc</subfield><subfield code="0">(RERO)jurivoc000006982ger</subfield></datafield><datafield ind1=" " ind2="7" tag="655"><subfield code="a">Periodikum</subfield><subfield code="9">ger</subfield><subfield code="2">jurivoc</subfield><subfield code="0">(RERO)jurivoc000017014ger</subfield></datafield><datafield ind1=" " ind2="7" tag="655"><subfield code="a">Zeitschrift</subfield><subfield code="2">gnd-content</subfield></datafield><datafield ind1=" " ind2="7" tag="655"><subfield code="a">Entscheidungssammlung</subfield><subfield code="2">gnd-content</subfield></datafield><datafield ind1="1" ind2=" " tag="710"><subfield code="a">Kanton Luzern</subfield><subfield code="b">Obergericht</subfield><subfield code="0">(DE-588)45219-1</subfield></datafield><datafield ind1="1" ind2=" " tag="710"><subfield code="a">Kanton Luzern</subfield><subfield code="b">Verwaltungsgericht</subfield><subfield code="0">(DE-588)1086941705</subfield></datafield><datafield ind1="1" ind2=" " tag="710"><subfield code="a">Kanton Luzern</subfield><subfield code="b">Regierungsrat</subfield><subfield code="0">(DE-588)64452-3</subfield></datafield><datafield ind1="1" ind2=" " tag="710"><subfield code="a">Luzern (Kanton)</subfield><subfield code="b">Obergericht</subfield><subfield code="0">(RERO)A003538133</subfield></datafield><datafield ind1="1" ind2=" " tag="710"><subfield code="a">Luzern (Kanton)</subfield><subfield code="b">Verwaltungsgericht</subfield><subfield code="0">(RERO)A003538141</subfield></datafield><datafield ind1="1" ind2=" " tag="710"><subfield code="a">Luzern (Kanton)</subfield><subfield code="b">Regierungsrat</subfield><subfield code="0">(RERO)A003538137</subfield></datafield><datafield ind1="1" ind2=" " tag="710"><subfield code="a">Luzern (Kanton)</subfield><subfield code="0">(IDREF)029432650</subfield></datafield><datafield ind1="0" ind2="0" tag="780"><subfield code="t">Luzerner Gerichts- und Verwaltungsentscheide. Teil 3, Regierungsrat</subfield><subfield code="w">(RERO)0315330-41slsp</subfield></datafield><datafield ind1="0" ind2="0" tag="780"><subfield code="t">Luzerner Gerichts- und Verwaltungsentscheide. Teil 1, Obergericht</subfield><subfield code="w">(RERO)0315328-41slsp</subfield></datafield><datafield ind1="0" ind2="0" tag="780"><subfield code="t">Luzerner Gerichts- und Verwaltungsentscheide. Teil 3, Regierungsrat</subfield><subfield code="w">(IDSSG)000011894HSB01</subfield></datafield><datafield ind1="0" ind2="0" tag="780"><subfield code="t">Luzerner Gerichts- und Verwaltungsentscheide. Teil 1, Obergericht</subfield><subfield code="w">(IDSSG)000011883HSB01</subfield></datafield><datafield ind1="0" ind2="0" tag="780"><subfield code="t">Luzerner Gerichts- und Verwaltungsentscheide. Teil 2, Verwaltungsgericht</subfield><subfield code="w">(IDSSG)000011891HSB01</subfield></datafield><datafield ind1="0" ind2=" " tag="776"><subfield code="t">Gerichts- und Verwaltungsentscheide im Kanton Luzern</subfield><subfield code="w">(RERO)R003967059-41slsp</subfield></datafield><datafield ind1="0" ind2="0" tag="780"><subfield code="t">Luzerner Gerichts- und Verwaltungsentscheide. Teil 2, Verwaltungsgericht</subfield><subfield code="w">(RERO)0315329-41slsp</subfield></datafield><datafield ind1=" " ind2=" " tag="856"><subfield code="u">http://www.gerichte.lu.ch/rechtsprechung</subfield><subfield code="z">Onlinezugriff via World Wide Web</subfield></datafield></record>
</metadata></record>