<record><header><identifier>oai:alma.41SLSP_UGE:991000769729705502</identifier><datestamp>2024-03-20T02:44:05Z</datestamp><setSpec>uge_bcen_RapidILL_BOOK</setSpec><setSpec>uge_aaca_RapidILL_BOOK</setSpec><setSpec>uge_abels_RapidILL_BOOK</setSpec><setSpec>uge_dbu_RapidILL_BOOK</setSpec><setSpec>uge_cmu_RapidILL_BOOK</setSpec><setSpec>uge_mail_RapidILL_BOOK</setSpec><setSpec>uge_abbat_RapidILL_BOOK</setSpec><setSpec>UNIGE_ALL</setSpec><setSpec>uge_acar_RapidILL_BOOK</setSpec><setSpec>uge_aobs_RapidILL_BOOK</setSpec></header><metadata>
<record xmlns="http://www.loc.gov/MARC21/slim" xmlns:xsi="http://www.w3.org/2001/XMLSchema-instance" xsi:schemaLocation="http://www.loc.gov/MARC21/slim http://www.loc.gov/standards/marcxml/schema/MARC21slim.xsd"><leader>01201nam a2200301 ca4500</leader><controlfield tag="001">991000769729705502</controlfield><controlfield tag="005">20240319213635.0</controlfield><controlfield tag="008">000721m19809999ve ||||| |||| 00| ||spa d</controlfield><datafield ind1=" " ind2=" " tag="019"><subfield code="a">Übergeordnete Aufnahme = Niveau supérieur = Livello superiore</subfield><subfield code="5">SLSP/2020</subfield></datafield><datafield ind1="7" ind2=" " tag="024"><subfield code="a">http://catalogue.bnf.fr/ark:/12148/cb366280206</subfield><subfield code="2">uri</subfield></datafield><datafield ind1=" " ind2=" " tag="035"><subfield code="a">(swissbib)084513594-41slsp_network</subfield></datafield><datafield ind1=" " ind2=" " tag="035"><subfield code="a">084513594</subfield><subfield code="9">ExL</subfield></datafield><datafield ind1=" " ind2=" " tag="035"><subfield code="a">(RERO)1219296-41slsp</subfield></datafield><datafield ind1=" " ind2=" " tag="035"><subfield code="a">(EXLNZ-41SLSP_NETWORK)991077373999705501</subfield></datafield><datafield ind1=" " ind2=" " tag="040"><subfield code="a">RERO geveth</subfield><subfield code="d">CH-ZuSLS</subfield></datafield><datafield ind1=" " ind2="7" tag="072"><subfield code="a">et</subfield><subfield code="2">rero</subfield></datafield><datafield ind1="0" ind2="0" tag="245"><subfield code="a">&lt;&lt;Los&gt;&gt; Aborigenes de Venezuela</subfield><subfield code="c">ed. Walter Coppens, ed. assistante Bernarda Escalante</subfield></datafield><datafield ind1=" " ind2="1" tag="264"><subfield code="a">Caracas</subfield><subfield code="b">Fundación La Salle de Ciencias naturales- Instituto Caribe de Antropología y Sociología</subfield><subfield code="c">1980-&gt;</subfield></datafield><datafield ind1=" " ind2=" " tag="300"><subfield code="c">25 cm</subfield></datafield><datafield ind1=" " ind2=" " tag="336"><subfield code="b">txt</subfield><subfield code="2">rdacontent</subfield></datafield><datafield ind1=" " ind2=" " tag="337"><subfield code="b">n</subfield><subfield code="2">rdamedia</subfield></datafield><datafield ind1=" " ind2=" " tag="338"><subfield code="b">nc</subfield><subfield code="2">rdacarrier</subfield></datafield><datafield ind1="0" ind2=" " tag="490"><subfield code="a">Monografía / Fundación La Salle</subfield></datafield><datafield ind1=" " ind2="7" tag="650"><subfield code="a">Indiens d'Amérique</subfield><subfield code="0">(IDREF)027325172</subfield><subfield code="2">idref</subfield></datafield><datafield ind1=" " ind2="7" tag="651"><subfield code="a">Venezuela</subfield><subfield code="0">(IDREF)027409317</subfield><subfield code="2">idref</subfield></datafield><datafield ind1=" " ind2="7" tag="655"><subfield code="a">[Études diverses]</subfield><subfield code="0">(RERO)A022249905</subfield><subfield code="2">rero</subfield></datafield><datafield ind1="1" ind2=" " tag="700"><subfield code="a">Coppens, Walter</subfield><subfield code="c">ethnologue</subfield><subfield code="0">(IDREF)02911859X</subfield></datafield><datafield ind1="1" ind2=" " tag="700"><subfield code="a">Escalante, Bernarda</subfield><subfield code="0">(RERO)A003221608</subfield></datafield><datafield ind1=" " ind2=" " tag="900"><subfield code="a">REROnoselfmerge</subfield></datafield></record>
</metadata></record>