<record><header><identifier>oai:alma.41SLSP_UGE:991000770659705502</identifier><datestamp>2023-03-01T01:10:04Z</datestamp><setSpec>uge_bcen_RapidILL_BOOK</setSpec><setSpec>uge_aaca_RapidILL_BOOK</setSpec><setSpec>uge_abels_RapidILL_BOOK</setSpec><setSpec>uge_dbu_RapidILL_BOOK</setSpec><setSpec>uge_cmu_RapidILL_BOOK</setSpec><setSpec>uge_mail_RapidILL_BOOK</setSpec><setSpec>UNIGE_ALL</setSpec><setSpec>uge_abbat_RapidILL_BOOK</setSpec><setSpec>uge_aobs_RapidILL_BOOK</setSpec><setSpec>uge_acar_RapidILL_BOOK</setSpec></header><metadata>
<record xmlns="http://www.loc.gov/MARC21/slim" xmlns:xsi="http://www.w3.org/2001/XMLSchema-instance" xsi:schemaLocation="http://www.loc.gov/MARC21/slim http://www.loc.gov/standards/marcxml/schema/MARC21slim.xsd"><leader>01088naa a2200265 c 4500</leader><controlfield tag="001">991000770659705502</controlfield><controlfield tag="005">20201225182149.0</controlfield><controlfield tag="008">950103s1993    ne ||||| |||| 00| ||eng d</controlfield><datafield ind1=" " ind2=" " tag="035"><subfield code="a">(swissbib)089506960-41slsp_network</subfield></datafield><datafield ind1=" " ind2=" " tag="035"><subfield code="a">089506960</subfield><subfield code="9">ExL</subfield></datafield><datafield ind1=" " ind2=" " tag="035"><subfield code="a">(RERO)1958747-41slsp</subfield></datafield><datafield ind1=" " ind2=" " tag="035"><subfield code="a">(EXLNZ-41SLSP_NETWORK)991041086099705501</subfield></datafield><datafield ind1=" " ind2=" " tag="040"><subfield code="a">RERO geussp</subfield><subfield code="d">CH-ZuSLS</subfield></datafield><datafield ind1=" " ind2="7" tag="072"><subfield code="a">py</subfield><subfield code="2">rero</subfield></datafield><datafield ind1="0" ind2="0" tag="245"><subfield code="a">Phase diagram of the TL₂Ba₂CuO₆ compounds in the &quot;T, p(O₂)&quot; plane</subfield><subfield code="c">C. Opagiste... [et al.]</subfield></datafield><datafield ind1=" " ind2=" " tag="336"><subfield code="b">txt</subfield><subfield code="2">rdacontent</subfield></datafield><datafield ind1=" " ind2=" " tag="337"><subfield code="b">n</subfield><subfield code="2">rdamedia</subfield></datafield><datafield ind1=" " ind2=" " tag="338"><subfield code="b">nc</subfield><subfield code="2">rdacarrier</subfield></datafield><datafield ind1=" " ind2=" " tag="508"><subfield code="a">Autre(s) auteur(s): G. Triscone, M. Couach, T.K. Jondo, J.-L. Jorda, A. Junod, A.F. Khoder and J. Muller</subfield></datafield><datafield ind1=" " ind2=" " tag="580"><subfield code="a">In: Physica. C, Superconductivity. - Amsterdam. - Vol. 213(1993), p. 17-25</subfield></datafield><datafield ind1="1" ind2=" " tag="700"><subfield code="a">Opagiste, Christine</subfield><subfield code="0">(RERO)A003656681</subfield></datafield><datafield ind1="1" ind2=" " tag="700"><subfield code="a">Junod, Alain</subfield><subfield code="c">physicien</subfield><subfield code="0">(RERO)A012329984</subfield></datafield><datafield ind1="1" ind2=" " tag="700"><subfield code="a">Triscone, Gilles</subfield><subfield code="0">(RERO)A003911096</subfield></datafield><datafield ind1="1" ind2=" " tag="700"><subfield code="a">Muller, Jean</subfield><subfield code="c">physicien</subfield><subfield code="0">(RERO)A012335583</subfield></datafield><datafield ind1="0" ind2=" " tag="773"><subfield code="t">Physica. C, Superconductivity</subfield><subfield code="g">213/17</subfield><subfield code="w">(RERO)0956349-41slsp</subfield></datafield><datafield ind1=" " ind2=" " tag="900"><subfield code="a">REROnoselfmerge</subfield></datafield></record>
</metadata></record>