<record><header><identifier>oai:alma.41SLSP_UGE:991000769719705502</identifier><datestamp>2023-06-30T00:19:02Z</datestamp><setSpec>uge_bcen_RapidILL_BOOK</setSpec><setSpec>uge_aaca_RapidILL_BOOK</setSpec><setSpec>uge_abels_RapidILL_BOOK</setSpec><setSpec>uge_dbu_RapidILL_BOOK</setSpec><setSpec>uge_cmu_RapidILL_BOOK</setSpec><setSpec>uge_mail_RapidILL_BOOK</setSpec><setSpec>uge_abbat_RapidILL_BOOK</setSpec><setSpec>UNIGE_ALL</setSpec><setSpec>uge_aobs_RapidILL_BOOK</setSpec><setSpec>uge_acar_RapidILL_BOOK</setSpec></header><metadata>
<record xmlns="http://www.loc.gov/MARC21/slim" xmlns:xsi="http://www.w3.org/2001/XMLSchema-instance" xsi:schemaLocation="http://www.loc.gov/MARC21/slim http://www.loc.gov/standards/marcxml/schema/MARC21slim.xsd"><leader>02077naa a2200409 c 4500</leader><controlfield tag="001">991000769719705502</controlfield><controlfield tag="005">20230629183119.0</controlfield><controlfield tag="008">151105s2015    sz ||||| |||| 00| ||ger d</controlfield><datafield ind1=" " ind2=" " tag="035"><subfield code="a">(swissbib)122281101-41slsp_network</subfield></datafield><datafield ind1=" " ind2=" " tag="035"><subfield code="a">122281101</subfield><subfield code="9">ExL</subfield></datafield><datafield ind1=" " ind2=" " tag="035"><subfield code="a">(RERO)R008296692-41slsp</subfield></datafield><datafield ind1=" " ind2=" " tag="035"><subfield code="a">(EXLNZ-41SLSP_NETWORK)991056250109705501</subfield></datafield><datafield ind1=" " ind2=" " tag="040"><subfield code="a">RERO iftflu</subfield><subfield code="d">CH-ZuSLS</subfield></datafield><datafield ind1=" " ind2=" " tag="044"><subfield code="a">sz</subfield><subfield code="c">ch-be</subfield></datafield><datafield ind1=" " ind2="7" tag="072"><subfield code="a">dr</subfield><subfield code="2">rero</subfield></datafield><datafield ind1=" " ind2=" " tag="084"><subfield code="a">CA/CH 57.1 i</subfield><subfield code="2">cjurrom</subfield></datafield><datafield ind1="1" ind2=" " tag="100"><subfield code="a">Guggisberg, Jürg</subfield><subfield code="0">(RERO)A003328658</subfield><subfield code="4">cre</subfield></datafield><datafield ind1="1" ind2="0" tag="245"><subfield code="a">&lt;&lt;Der&gt;&gt; Abklärungsprozess in der Invalidenversicherung bei Rentenentscheiden</subfield><subfield code="c">Jürg Guggisberg, Heidrun Karin Becker</subfield></datafield><datafield ind1=" " ind2=" " tag="336"><subfield code="b">txt</subfield><subfield code="2">rdacontent</subfield></datafield><datafield ind1=" " ind2=" " tag="337"><subfield code="b">n</subfield><subfield code="2">rdamedia</subfield></datafield><datafield ind1=" " ind2=" " tag="338"><subfield code="b">nc</subfield><subfield code="2">rdacarrier</subfield></datafield><datafield ind1=" " ind2=" " tag="500"><subfield code="a">Franz. Fassung: La procédure d'instruction de l'AI pour les décisions d'octroi de rente</subfield></datafield><datafield ind1=" " ind2=" " tag="580"><subfield code="a">In: Soziale Sicherheit. - Bern. - 2015, H. 5, S. 270-274</subfield></datafield><datafield ind1=" " ind2="7" tag="650"><subfield code="a">IV</subfield><subfield code="9">ger</subfield><subfield code="0">(RERO)jurivoc000012152ger</subfield><subfield code="2">jurivoc</subfield></datafield><datafield ind1=" " ind2="7" tag="650"><subfield code="a">Invalidenrente</subfield><subfield code="9">ger</subfield><subfield code="0">(RERO)jurivoc000012040ger</subfield><subfield code="2">jurivoc</subfield></datafield><datafield ind1=" " ind2="7" tag="650"><subfield code="a">Verwaltungs- und Verwaltungsgerichtsverfahren</subfield><subfield code="9">ger</subfield><subfield code="0">(RERO)jurivoc000025342ger</subfield><subfield code="2">jurivoc</subfield></datafield><datafield ind1=" " ind2="7" tag="650"><subfield code="a">Organisation(Verfahren)</subfield><subfield code="9">ger</subfield><subfield code="0">(RERO)jurivoc000016631ger</subfield><subfield code="2">jurivoc</subfield></datafield><datafield ind1=" " ind2="7" tag="650"><subfield code="a">Abklärungsverfahren</subfield><subfield code="9">ger</subfield><subfield code="0">(RERO)jurivoc000000187ger</subfield><subfield code="2">jurivoc</subfield></datafield><datafield ind1=" " ind2="7" tag="650"><subfield code="a">IV-Stelle</subfield><subfield code="9">ger</subfield><subfield code="0">(RERO)jurivoc000012157ger</subfield><subfield code="2">jurivoc</subfield></datafield><datafield ind1=" " ind2="7" tag="650"><subfield code="a">regionaler ärztlicher Dienst</subfield><subfield code="9">ger</subfield><subfield code="0">(RERO)jurivoc000018573ger</subfield><subfield code="2">jurivoc</subfield></datafield><datafield ind1=" " ind2="7" tag="650"><subfield code="a">Beteiligung oder Zusammenarbeit</subfield><subfield code="9">ger</subfield><subfield code="0">(RERO)jurivoc000003699ger</subfield><subfield code="2">jurivoc</subfield></datafield><datafield ind1=" " ind2="7" tag="650"><subfield code="a">Eingliederungsmassnahme(Sozialversicherung)</subfield><subfield code="9">ger</subfield><subfield code="0">(RERO)jurivoc000006414ger</subfield><subfield code="2">jurivoc</subfield></datafield><datafield ind1=" " ind2="7" tag="650"><subfield code="a">Abklärung(allgemein)</subfield><subfield code="9">ger</subfield><subfield code="0">(RERO)jurivoc000000184ger</subfield><subfield code="2">jurivoc</subfield></datafield><datafield ind1=" " ind2="7" tag="650"><subfield code="a">Kosten(allgemein)</subfield><subfield code="9">ger</subfield><subfield code="0">(RERO)jurivoc000013473ger</subfield><subfield code="2">jurivoc</subfield></datafield><datafield ind1=" " ind2="7" tag="650"><subfield code="a">Statistik</subfield><subfield code="9">ger</subfield><subfield code="0">(RERO)jurivoc000021291ger</subfield><subfield code="2">jurivoc</subfield></datafield><datafield ind1=" " ind2="7" tag="651"><subfield code="a">Schweiz</subfield><subfield code="9">ger</subfield><subfield code="0">(RERO)jurivoc000019912ger</subfield><subfield code="2">jurivoc</subfield></datafield><datafield ind1="1" ind2=" " tag="700"><subfield code="a">Becker, Heidrun Karin</subfield><subfield code="0">(RERO)A025810888</subfield></datafield><datafield ind1="0" ind2=" " tag="773"><subfield code="t">Soziale Sicherheit : Zeitschrift des Bundesamtes für Sozialversicherung</subfield><subfield code="g">2015/270</subfield><subfield code="g">yr:2015</subfield><subfield code="w">(RERO)1615555-41slsp</subfield></datafield></record>
</metadata></record>