<record><header><identifier>oai:alma.41SLSP_UGE:991000770239705502</identifier><datestamp>2023-03-01T01:10:04Z</datestamp><setSpec>uge_bcen_RapidILL_BOOK</setSpec><setSpec>uge_aaca_RapidILL_BOOK</setSpec><setSpec>uge_abels_RapidILL_BOOK</setSpec><setSpec>uge_dbu_RapidILL_BOOK</setSpec><setSpec>uge_cmu_RapidILL_BOOK</setSpec><setSpec>uge_mail_RapidILL_BOOK</setSpec><setSpec>UNIGE_ALL</setSpec><setSpec>uge_abbat_RapidILL_BOOK</setSpec><setSpec>uge_aobs_RapidILL_BOOK</setSpec><setSpec>uge_acar_RapidILL_BOOK</setSpec></header><metadata>
<record xmlns="http://www.loc.gov/MARC21/slim" xmlns:xsi="http://www.w3.org/2001/XMLSchema-instance" xsi:schemaLocation="http://www.loc.gov/MARC21/slim http://www.loc.gov/standards/marcxml/schema/MARC21slim.xsd"><leader>00849nam a2200253 c 4500</leader><controlfield tag="001">991000770239705502</controlfield><controlfield tag="005">20201225180533.0</controlfield><controlfield tag="008">860213s1954    ic ||||| |||| 00| ||ice d</controlfield><datafield ind1=" " ind2=" " tag="035"><subfield code="a">(swissbib)080579086-41slsp_network</subfield></datafield><datafield ind1=" " ind2=" " tag="035"><subfield code="a">080579086</subfield><subfield code="9">ExL</subfield></datafield><datafield ind1=" " ind2=" " tag="035"><subfield code="a">(RERO)0682125-41slsp</subfield></datafield><datafield ind1=" " ind2=" " tag="035"><subfield code="a">(EXLNZ-41SLSP_NETWORK)991031354409705501</subfield></datafield><datafield ind1=" " ind2=" " tag="040"><subfield code="a">RERO geulan</subfield><subfield code="d">CH-ZuSLS</subfield></datafield><datafield ind1=" " ind2="7" tag="072"><subfield code="a">an</subfield><subfield code="2">rero</subfield></datafield><datafield ind1="0" ind2="0" tag="245"><subfield code="a">Brennu-Njáls saga</subfield><subfield code="c">Einar Ól. Sveinsson ed</subfield></datafield><datafield ind1=" " ind2="1" tag="264"><subfield code="a">Reykjavík</subfield><subfield code="b">Hiđ Íslenzka Fornritafélag</subfield><subfield code="c">1954</subfield></datafield><datafield ind1=" " ind2=" " tag="300"><subfield code="a">CLXIII, 514 p.</subfield><subfield code="b">ill.</subfield><subfield code="c">22 cm</subfield></datafield><datafield ind1=" " ind2=" " tag="336"><subfield code="b">txt</subfield><subfield code="2">rdacontent</subfield></datafield><datafield ind1=" " ind2=" " tag="337"><subfield code="b">n</subfield><subfield code="2">rdamedia</subfield></datafield><datafield ind1=" " ind2=" " tag="338"><subfield code="b">nc</subfield><subfield code="2">rdacarrier</subfield></datafield><datafield ind1="1" ind2=" " tag="490"><subfield code="a">Íslenzk Fornrit</subfield><subfield code="v">12</subfield></datafield><datafield ind1="1" ind2=" " tag="700"><subfield code="a">Einar Ólafur Sveinsson</subfield><subfield code="d">1899-1984</subfield><subfield code="0">(IDREF)026655128</subfield></datafield><datafield ind1="0" ind2=" " tag="730"><subfield code="a">Njáls saga</subfield><subfield code="l">Islandais</subfield></datafield><datafield ind1=" " ind2=" " tag="830"><subfield code="a">Íslenzk Fornrit</subfield><subfield code="v">12</subfield><subfield code="w">(RERO)0457550-41slsp</subfield></datafield><datafield ind1=" " ind2=" " tag="900"><subfield code="a">REROnoselfmerge</subfield></datafield></record>
</metadata></record>