<record><header><identifier>oai:alma.41SLSP_UGE:991000770249705502</identifier><datestamp>2023-03-01T01:10:04Z</datestamp><setSpec>uge_bcen_RapidILL_BOOK</setSpec><setSpec>uge_aaca_RapidILL_BOOK</setSpec><setSpec>uge_abels_RapidILL_BOOK</setSpec><setSpec>uge_dbu_RapidILL_BOOK</setSpec><setSpec>uge_cmu_RapidILL_BOOK</setSpec><setSpec>uge_mail_RapidILL_BOOK</setSpec><setSpec>uge_abbat_RapidILL_BOOK</setSpec><setSpec>UNIGE_ALL</setSpec><setSpec>uge_acar_RapidILL_BOOK</setSpec><setSpec>uge_aobs_RapidILL_BOOK</setSpec></header><metadata>
<record xmlns="http://www.loc.gov/MARC21/slim" xmlns:xsi="http://www.w3.org/2001/XMLSchema-instance" xsi:schemaLocation="http://www.loc.gov/MARC21/slim http://www.loc.gov/standards/marcxml/schema/MARC21slim.xsd"><leader>02897nam a2200733 c 4500</leader><controlfield tag="001">991000770249705502</controlfield><controlfield tag="005">20230228192302.0</controlfield><controlfield tag="008">201011s2009    be ||||| |||| 00| ||eng d</controlfield><datafield ind1=" " ind2=" " tag="020"><subfield code="a">9042920726</subfield></datafield><datafield ind1=" " ind2=" " tag="020"><subfield code="a">9789042920729</subfield><subfield code="c">USD 58.00</subfield></datafield><datafield ind1=" " ind2=" " tag="035"><subfield code="a">(swissbib)225578794-41slsp_network</subfield></datafield><datafield ind1=" " ind2=" " tag="035"><subfield code="a">225578794</subfield><subfield code="9">ExL</subfield></datafield><datafield ind1=" " ind2=" " tag="035"><subfield code="a">(RERO)R004702649-41slsp</subfield></datafield><datafield ind1=" " ind2=" " tag="035"><subfield code="a">(NEBIS)005971933EBI01</subfield></datafield><datafield ind1=" " ind2=" " tag="035"><subfield code="a">(IDSBB)004982757DSV01</subfield></datafield><datafield ind1=" " ind2=" " tag="035"><subfield code="a">(IDSLU)000902505ILU01</subfield></datafield><datafield ind1=" " ind2=" " tag="035"><subfield code="a">(OCoLC)435727053</subfield></datafield><datafield ind1=" " ind2=" " tag="035"><subfield code="a">(EXLNZ-41SLSP_NETWORK)991054221019705501</subfield></datafield><datafield ind1=" " ind2=" " tag="040"><subfield code="a">RERO geuth-</subfield><subfield code="d">CH-ZuSLS</subfield></datafield><datafield ind1=" " ind2="7" tag="072"><subfield code="a">th</subfield><subfield code="2">rero</subfield></datafield><datafield ind1=" " ind2="7" tag="072"><subfield code="a">th</subfield><subfield code="2">SzZuIDS BS/BE</subfield></datafield><datafield ind1=" " ind2="7" tag="072"><subfield code="a">710</subfield><subfield code="2">IDS LU</subfield></datafield><datafield ind1="0" ind2="4" tag="082"><subfield code="a">261.2</subfield></datafield><datafield ind1="0" ind2="4" tag="082"><subfield code="a">291.14</subfield></datafield><datafield ind1=" " ind2=" " tag="084"><subfield code="a">BE 3720</subfield><subfield code="2">rvk</subfield></datafield><datafield ind1="0" ind2="0" tag="245"><subfield code="a">Plural voices</subfield><subfield code="b">intradisciplinary perspectives on interreligious issues</subfield><subfield code="c">edited by Patrik Fridlund, Lucie Kaennel &amp; Catharina Stenqvist</subfield></datafield><datafield ind1=" " ind2="1" tag="264"><subfield code="a">Leuven</subfield><subfield code="b">Peeters</subfield><subfield code="c">2009</subfield></datafield><datafield ind1=" " ind2=" " tag="300"><subfield code="a">XIII, 247 p.</subfield><subfield code="c">24 cm</subfield></datafield><datafield ind1=" " ind2=" " tag="336"><subfield code="b">txt</subfield><subfield code="2">rdacontent</subfield></datafield><datafield ind1=" " ind2=" " tag="337"><subfield code="b">n</subfield><subfield code="2">rdamedia</subfield></datafield><datafield ind1=" " ind2=" " tag="338"><subfield code="b">nc</subfield><subfield code="2">rdacarrier</subfield></datafield><datafield ind1="1" ind2=" " tag="490"><subfield code="a">Studies in philosophical theology</subfield><subfield code="v">vol. 41</subfield></datafield><datafield ind1=" " ind2="0" tag="650"><subfield code="a">Religions</subfield><subfield code="x">Relations</subfield></datafield><datafield ind1=" " ind2="7" tag="650"><subfield code="a">Multiculturalisme</subfield><subfield code="0">(IDREF)027336409</subfield><subfield code="2">idref</subfield></datafield><datafield ind1=" " ind2="7" tag="650"><subfield code="a">Pluralisme religieux</subfield><subfield code="0">(IDREF)028876199</subfield><subfield code="2">idref</subfield></datafield><datafield ind1=" " ind2="7" tag="650"><subfield code="a">approche interdisciplinaire</subfield><subfield code="0">(RERO)A011253463</subfield><subfield code="2">rerovoc</subfield></datafield><datafield ind1=" " ind2="7" tag="650"><subfield code="a">Relations</subfield><subfield code="0">(IDREF)027800334</subfield><subfield code="2">idref</subfield></datafield><datafield ind1=" " ind2="7" tag="650"><subfield code="a">Religions</subfield><subfield code="0">(IDREF)027268055</subfield><subfield code="2">idref</subfield></datafield><datafield ind1=" " ind2="0" tag="650"><subfield code="a">Cultural pluralism</subfield></datafield><datafield ind1=" " ind2="0" tag="650"><subfield code="a">Religious pluralism</subfield></datafield><datafield ind1=" " ind2="0" tag="650"><subfield code="a">Globalization</subfield><subfield code="x">Religious aspects</subfield></datafield><datafield ind1=" " ind2="7" tag="650"><subfield code="a">Interreligiöse Beziehung</subfield><subfield code="2">idszbz</subfield></datafield><datafield ind1=" " ind2="7" tag="650"><subfield code="a">Interkulturalität</subfield><subfield code="2">idszbz</subfield></datafield><datafield ind1=" " ind2="7" tag="650"><subfield code="a">Religion</subfield><subfield code="2">idszbz</subfield></datafield><datafield ind1=" " ind2="7" tag="650"><subfield code="a">Globalisierung</subfield><subfield code="2">idszbz</subfield></datafield><datafield ind1=" " ind2="7" tag="650"><subfield code="a">Religiöser Pluralismus</subfield><subfield code="2">idszbz</subfield></datafield><datafield ind1=" " ind2="7" tag="650"><subfield code="a">Religion</subfield><subfield code="0">(DE-588)4049396-9</subfield><subfield code="2">gnd</subfield></datafield><datafield ind1=" " ind2="7" tag="650"><subfield code="a">Interreligiöser Dialog</subfield><subfield code="0">(DE-588)4192352-2</subfield><subfield code="2">gnd</subfield></datafield><datafield ind1=" " ind2="7" tag="650"><subfield code="a">Interkulturalität</subfield><subfield code="0">(DE-588)4519498-1</subfield><subfield code="2">gnd</subfield></datafield><datafield ind1=" " ind2="7" tag="650"><subfield code="a">Interreligiöser Dialog</subfield><subfield code="2">idsbb</subfield></datafield><datafield ind1=" " ind2="7" tag="650"><subfield code="a">Religiöser Pluralismus</subfield><subfield code="2">idsbb</subfield></datafield><datafield ind1=" " ind2="7" tag="650"><subfield code="a">Globalisierung</subfield><subfield code="0">(DE-588)4557997-0</subfield><subfield code="2">gnd</subfield></datafield><datafield ind1=" " ind2="7" tag="650"><subfield code="a">Religiöser Pluralismus</subfield><subfield code="0">(DE-588)4296178-6</subfield><subfield code="2">gnd</subfield></datafield><datafield ind1=" " ind2="7" tag="650"><subfield code="a">Interreligiosität</subfield><subfield code="0">(DE-588)4732948-8</subfield><subfield code="2">gnd</subfield></datafield><datafield ind1=" " ind2="7" tag="655"><subfield code="a">[Études diverses]</subfield><subfield code="0">(RERO)A022249905</subfield><subfield code="2">rero</subfield></datafield><datafield ind1=" " ind2="7" tag="655"><subfield code="a">Aufsatzsammlung</subfield><subfield code="2">idszbz</subfield></datafield><datafield ind1=" " ind2="7" tag="655"><subfield code="a">Aufsatzsammlung</subfield><subfield code="2">gnd-content</subfield></datafield><datafield ind1="1" ind2=" " tag="700"><subfield code="a">Kaennel, Lucie</subfield><subfield code="d">1965-....</subfield><subfield code="0">(IDREF)035467819</subfield></datafield><datafield ind1="1" ind2=" " tag="700"><subfield code="a">Fridlund, Patrik</subfield><subfield code="d">1964-</subfield><subfield code="0">(DE-588)139156542</subfield><subfield code="6">880-03</subfield></datafield><datafield ind1="1" ind2=" " tag="880"><subfield code="a">Fridlund, Patrik</subfield><subfield code="0">(RERO)A013753601</subfield><subfield code="6">700-03</subfield></datafield><datafield ind1="4" ind2=" " tag="856"><subfield code="3">Titelblatt und Inhaltsverzeichnis</subfield><subfield code="u">https://toc.library.ethz.ch/objects/pdf/z01_978-90-429-2072-9_01.pdf</subfield><subfield code="q">pdf</subfield></datafield><datafield ind1=" " ind2=" " tag="830"><subfield code="a">Studies in philosophical theology</subfield><subfield code="v">41</subfield><subfield code="w">(IDSLU)000184741ILU01</subfield></datafield><datafield ind1=" " ind2=" " tag="900"><subfield code="a">REROnoselfmerge</subfield></datafield><datafield ind1=" " ind2=" " tag="900"><subfield code="a">IDSZ2zbzmon201006f</subfield><subfield code="c">IDSZ2suse</subfield><subfield code="d">IDSZ2zbzswk201006b</subfield><subfield code="e">IDSZ2schu</subfield></datafield><datafield ind1=" " ind2=" " tag="949"><subfield code="a">https://toc.library.ethz.ch/objects/pdf/z01_978-90-429-2072-9_01.pdf</subfield></datafield></record>
</metadata></record>