<record><header><identifier>oai:alma.41SLSP_UGE:991000770139705502</identifier><datestamp>2023-04-01T00:13:40Z</datestamp><setSpec>uge_bcen_RapidILL_BOOK</setSpec><setSpec>uge_aaca_RapidILL_BOOK</setSpec><setSpec>uge_abels_RapidILL_BOOK</setSpec><setSpec>uge_dbu_RapidILL_BOOK</setSpec><setSpec>uge_cmu_RapidILL_BOOK</setSpec><setSpec>uge_mail_RapidILL_BOOK</setSpec><setSpec>uge_abbat_RapidILL_BOOK</setSpec><setSpec>UNIGE_ALL</setSpec><setSpec>uge_aobs_RapidILL_BOOK</setSpec><setSpec>uge_acar_RapidILL_BOOK</setSpec></header><metadata>
<record xmlns="http://www.loc.gov/MARC21/slim" xmlns:xsi="http://www.w3.org/2001/XMLSchema-instance" xsi:schemaLocation="http://www.loc.gov/MARC21/slim http://www.loc.gov/standards/marcxml/schema/MARC21slim.xsd"><leader>01654nam a2200409 c 4500</leader><controlfield tag="001">991000770139705502</controlfield><controlfield tag="005">20230331205740.0</controlfield><controlfield tag="008">201011s1997    ne ||||| |||| 00| ||eng d</controlfield><datafield ind1=" " ind2=" " tag="020"><subfield code="a">0444823042</subfield></datafield><datafield ind1=" " ind2=" " tag="035"><subfield code="a">(swissbib)231761546-41slsp_network</subfield></datafield><datafield ind1=" " ind2=" " tag="035"><subfield code="a">231761546</subfield><subfield code="9">ExL</subfield></datafield><datafield ind1=" " ind2=" " tag="035"><subfield code="a">(RERO)R215500660-41slsp</subfield></datafield><datafield ind1=" " ind2=" " tag="035"><subfield code="a">(NEBIS)001717715EBI01</subfield></datafield><datafield ind1=" " ind2=" " tag="035"><subfield code="a">(EXLNZ-41SLSP_NETWORK)991146570169705501</subfield></datafield><datafield ind1=" " ind2=" " tag="040"><subfield code="a">RERO geufpe</subfield><subfield code="d">CH-ZuSLS</subfield></datafield><datafield ind1=" " ind2=" " tag="044"><subfield code="a">ne</subfield><subfield code="a">sz</subfield></datafield><datafield ind1=" " ind2="7" tag="072"><subfield code="a">ps</subfield><subfield code="2">rero</subfield></datafield><datafield ind1="0" ind2="0" tag="245"><subfield code="a">Theoretical issues in stimulus-response compatibility</subfield><subfield code="c">ed. by Bernhard Hommel and Wolfgang Prinz</subfield></datafield><datafield ind1=" " ind2="1" tag="264"><subfield code="a">Amsterdam [etc.]</subfield><subfield code="b">Elsevier</subfield><subfield code="c">1997</subfield></datafield><datafield ind1=" " ind2=" " tag="300"><subfield code="a">X, 420 p.</subfield><subfield code="b">ill.</subfield><subfield code="c">23 cm</subfield></datafield><datafield ind1=" " ind2=" " tag="336"><subfield code="b">txt</subfield><subfield code="2">rdacontent</subfield></datafield><datafield ind1=" " ind2=" " tag="337"><subfield code="b">n</subfield><subfield code="2">rdamedia</subfield></datafield><datafield ind1=" " ind2=" " tag="338"><subfield code="b">nc</subfield><subfield code="2">rdacarrier</subfield></datafield><datafield ind1="1" ind2=" " tag="490"><subfield code="a">Advances in psychology</subfield><subfield code="v">118</subfield></datafield><datafield ind1=" " ind2=" " tag="500"><subfield code="a">&quot;Symposium on the Theory of S-R Compatibility, June 13-15, 1995&quot;. - Anlassort: Benediktbeuern</subfield></datafield><datafield ind1=" " ind2="7" tag="650"><subfield code="a">Stimulation sensorielle</subfield><subfield code="0">(IDREF)033204160</subfield><subfield code="2">idref</subfield></datafield><datafield ind1=" " ind2="0" tag="650"><subfield code="a">Conditioned response</subfield></datafield><datafield ind1=" " ind2="0" tag="650"><subfield code="a">Stimulus generalization</subfield></datafield><datafield ind1=" " ind2="0" tag="650"><subfield code="a">Stimulus satiation</subfield></datafield><datafield ind1=" " ind2="7" tag="650"><subfield code="a">PSYCHOLOGISCHE FORSCHUNG</subfield><subfield code="9">ger</subfield><subfield code="0">(ETHUDK)000009491</subfield><subfield code="2">ethudk</subfield></datafield><datafield ind1=" " ind2="7" tag="650"><subfield code="a">PSYCHOPHYSISCHE REIZSCHWELLE (PSYCHOLOGIE)</subfield><subfield code="9">ger</subfield><subfield code="0">(ETHUDK)000009545</subfield><subfield code="2">ethudk</subfield></datafield><datafield ind1=" " ind2="7" tag="655"><subfield code="a">[Études diverses]</subfield><subfield code="0">(RERO)A022249905</subfield><subfield code="2">rero</subfield></datafield><datafield ind1=" " ind2="7" tag="655"><subfield code="a">Konferenzschrift</subfield><subfield code="z">Benediktbeuern</subfield><subfield code="y">1995/06</subfield><subfield code="2">gnd-content</subfield></datafield><datafield ind1="1" ind2=" " tag="700"><subfield code="a">Hommel, Bernhard</subfield><subfield code="0">(IDREF)061493481</subfield></datafield><datafield ind1="2" ind2=" " tag="711"><subfield code="a">Symposium on the Theory of S-R Compatibility</subfield><subfield code="d">1995</subfield><subfield code="c">Benediktbeuern</subfield><subfield code="0">(DE-588)1091470685</subfield></datafield><datafield ind1=" " ind2=" " tag="830"><subfield code="a">Advances in Psychology</subfield><subfield code="v">118</subfield><subfield code="w">(RERO)0508840-41slsp</subfield></datafield><datafield ind1=" " ind2=" " tag="830"><subfield code="a">Advances in psychology</subfield><subfield code="v">118</subfield><subfield code="w">(NEBIS)000007498EBI01</subfield></datafield><datafield ind1=" " ind2=" " tag="900"><subfield code="a">REROnoselfmerge</subfield></datafield></record>
</metadata></record>