<record><header><identifier>oai:alma.41SLSP_UGE:991000775899705502</identifier><datestamp>2023-03-01T01:10:07Z</datestamp><setSpec>uge_bcen_RapidILL_BOOK</setSpec><setSpec>uge_aaca_RapidILL_BOOK</setSpec><setSpec>uge_abels_RapidILL_BOOK</setSpec><setSpec>uge_dbu_RapidILL_BOOK</setSpec><setSpec>uge_cmu_RapidILL_BOOK</setSpec><setSpec>uge_mail_RapidILL_BOOK</setSpec><setSpec>UNIGE_ALL</setSpec><setSpec>uge_abbat_RapidILL_BOOK</setSpec><setSpec>uge_acar_RapidILL_BOOK</setSpec><setSpec>uge_aobs_RapidILL_BOOK</setSpec></header><metadata>
<record xmlns="http://www.loc.gov/MARC21/slim" xmlns:xsi="http://www.w3.org/2001/XMLSchema-instance" xsi:schemaLocation="http://www.loc.gov/MARC21/slim http://www.loc.gov/standards/marcxml/schema/MARC21slim.xsd"><leader>01623nam a2200409 c 4500</leader><controlfield tag="001">991000775899705502</controlfield><controlfield tag="005">20230217212306.0</controlfield><controlfield tag="008">000910s1989    fr ||||| |||| 00| ||fre d</controlfield><datafield ind1=" " ind2=" " tag="020"><subfield code="a">9287116083</subfield></datafield><datafield ind1=" " ind2=" " tag="035"><subfield code="a">(swissbib)08381034X-41slsp_network</subfield></datafield><datafield ind1=" " ind2=" " tag="035"><subfield code="a">08381034X</subfield><subfield code="9">ExL</subfield></datafield><datafield ind1=" " ind2=" " tag="035"><subfield code="a">(RERO)1119219-41slsp</subfield></datafield><datafield ind1=" " ind2=" " tag="035"><subfield code="a">(EXLNZ-41SLSP_NETWORK)991155335069705501</subfield></datafield><datafield ind1=" " ind2=" " tag="040"><subfield code="a">RERO laisdc</subfield><subfield code="d">CH-ZuSLS</subfield></datafield><datafield ind1=" " ind2="7" tag="072"><subfield code="a">dr</subfield><subfield code="2">rero</subfield></datafield><datafield ind1=" " ind2="7" tag="072"><subfield code="a">so</subfield><subfield code="2">rero</subfield></datafield><datafield ind1=" " ind2=" " tag="084"><subfield code="a">D 22.1 h</subfield><subfield code="2">cjurrom</subfield></datafield><datafield ind1=" " ind2=" " tag="084"><subfield code="a">D 18.2 f</subfield><subfield code="2">cjurrom</subfield></datafield><datafield ind1=" " ind2=" " tag="084"><subfield code="a">A 38.1 h</subfield><subfield code="2">cjurrom</subfield></datafield><datafield ind1="1" ind2=" " tag="100"><subfield code="a">Boucaud, Pascale</subfield><subfield code="d">1954-....</subfield><subfield code="0">(IDREF)035607181</subfield><subfield code="4">cre</subfield></datafield><datafield ind1="1" ind2="0" tag="245"><subfield code="a">&lt;&lt;Le&gt;&gt; Conseil de l'Europe et la protection de l'enfant</subfield><subfield code="b">l'opportunité d'une convention européenne des droits de l'enfant</subfield><subfield code="c">par Pascale Boucaud</subfield></datafield><datafield ind1=" " ind2="1" tag="264"><subfield code="a">Strasbourg</subfield><subfield code="b">Conseil de l'Europe</subfield><subfield code="c">1989</subfield></datafield><datafield ind1=" " ind2=" " tag="300"><subfield code="a">70 p.</subfield><subfield code="c">21 cm</subfield></datafield><datafield ind1=" " ind2=" " tag="336"><subfield code="b">txt</subfield><subfield code="2">rdacontent</subfield></datafield><datafield ind1=" " ind2=" " tag="337"><subfield code="b">n</subfield><subfield code="2">rdamedia</subfield></datafield><datafield ind1=" " ind2=" " tag="338"><subfield code="b">nc</subfield><subfield code="2">rdacarrier</subfield></datafield><datafield ind1="1" ind2=" " tag="490"><subfield code="a">Droits de l'homme</subfield></datafield><datafield ind1="1" ind2=" " tag="490"><subfield code="a">Dossiers sur les droits de l'homme</subfield><subfield code="v">no 10</subfield></datafield><datafield ind1=" " ind2=" " tag="500"><subfield code="a">Sur la page de titre: Conseil de l'Europe, Direction des droits de l'homme</subfield></datafield><datafield ind1=" " ind2="7" tag="650"><subfield code="a">droits de l'enfant</subfield><subfield code="0">(RERO)A009984719</subfield><subfield code="2">rerovoc</subfield></datafield><datafield ind1=" " ind2="7" tag="650"><subfield code="a">Droits de l'homme</subfield><subfield code="0">(IDREF)027466957</subfield><subfield code="2">idref</subfield></datafield><datafield ind1=" " ind2="7" tag="650"><subfield code="a">Enfants</subfield><subfield code="0">(IDREF)027233278</subfield><subfield code="2">idref</subfield></datafield><datafield ind1=" " ind2="7" tag="650"><subfield code="a">Protection, assistance, etc.</subfield><subfield code="0">(IDREF)027546179</subfield><subfield code="2">idref</subfield></datafield><datafield ind1=" " ind2="7" tag="650"><subfield code="a">Jeunesse</subfield><subfield code="0">(IDREF)027262308</subfield><subfield code="2">idref</subfield></datafield><datafield ind1="2" ind2=" " tag="710"><subfield code="a">Conseil de l'Europe</subfield><subfield code="b">Direction des droits de l'homme</subfield><subfield code="0">(IDREF)03487125X</subfield></datafield><datafield ind1=" " ind2=" " tag="830"><subfield code="a">Dossiers sur les droits de l'homme</subfield><subfield code="v">10</subfield><subfield code="w">(RERO)0686671-41slsp</subfield></datafield><datafield ind1=" " ind2=" " tag="830"><subfield code="a">Droits de l'homme</subfield><subfield code="p">Conseil de l'Europe</subfield><subfield code="w">(RERO)0655124-41slsp</subfield></datafield><datafield ind1=" " ind2=" " tag="900"><subfield code="a">REROnoselfmerge</subfield></datafield></record>
</metadata></record>