<record><header><identifier>oai:alma.41SLSP_UGE:991000775909705502</identifier><datestamp>2023-11-25T01:54:18Z</datestamp><setSpec>uge_bcen_RapidILL_BOOK</setSpec><setSpec>uge_aaca_RapidILL_BOOK</setSpec><setSpec>uge_abels_RapidILL_BOOK</setSpec><setSpec>uge_dbu_RapidILL_BOOK</setSpec><setSpec>uge_cmu_RapidILL_BOOK</setSpec><setSpec>uge_mail_RapidILL_BOOK</setSpec><setSpec>uge_abbat_RapidILL_BOOK</setSpec><setSpec>UNIGE_ALL</setSpec><setSpec>uge_aobs_RapidILL_BOOK</setSpec><setSpec>uge_acar_RapidILL_BOOK</setSpec></header><metadata>
<record xmlns="http://www.loc.gov/MARC21/slim" xmlns:xsi="http://www.w3.org/2001/XMLSchema-instance" xsi:schemaLocation="http://www.loc.gov/MARC21/slim http://www.loc.gov/standards/marcxml/schema/MARC21slim.xsd"><leader>03918nam a2200817uca4500</leader><controlfield tag="001">991000775909705502</controlfield><controlfield tag="005">20230327200929.0</controlfield><controlfield tag="008">201011s1993    sz ||||| |||| 10| ||mul d</controlfield><datafield ind1=" " ind2=" " tag="020"><subfield code="a">2970003406</subfield></datafield><datafield ind1=" " ind2=" " tag="035"><subfield code="a">(swissbib)215295692-41slsp_network</subfield></datafield><datafield ind1=" " ind2=" " tag="035"><subfield code="a">215295692</subfield><subfield code="9">ExL</subfield></datafield><datafield ind1=" " ind2=" " tag="035"><subfield code="a">(IDSBB)000937216DSV01</subfield></datafield><datafield ind1=" " ind2=" " tag="035"><subfield code="a">(NEBIS)000913028EBI01</subfield></datafield><datafield ind1=" " ind2=" " tag="035"><subfield code="a">(RERO)1738479-41slsp</subfield></datafield><datafield ind1=" " ind2=" " tag="035"><subfield code="a">(IDSLU)000072801ILU01</subfield></datafield><datafield ind1=" " ind2=" " tag="035"><subfield code="a">(ALEX)bv80038101</subfield></datafield><datafield ind1=" " ind2=" " tag="035"><subfield code="a">(EXLNZ-41SLSP_NETWORK)991086280709705501</subfield></datafield><datafield ind1=" " ind2=" " tag="040"><subfield code="a">SzZuIDS BS/BE A100</subfield><subfield code="b">ger</subfield><subfield code="e">kids</subfield><subfield code="d">CH-ZuSLS</subfield></datafield><datafield ind1="0" ind2=" " tag="041"><subfield code="a">fre</subfield><subfield code="a">ger</subfield><subfield code="a">eng</subfield><subfield code="a">ita</subfield></datafield><datafield ind1=" " ind2=" " tag="050"><subfield code="a">UD460</subfield><subfield code="b">.C65 1991</subfield></datafield><datafield ind1=" " ind2="7" tag="072"><subfield code="a">ks</subfield><subfield code="2">SzZuIDS BS/BE</subfield></datafield><datafield ind1=" " ind2="7" tag="072"><subfield code="a">ma</subfield><subfield code="2">SzZuIDS BS/BE</subfield></datafield><datafield ind1=" " ind2="7" tag="072"><subfield code="a">go</subfield><subfield code="2">rero</subfield></datafield><datafield ind1=" " ind2="7" tag="072"><subfield code="a">210</subfield><subfield code="2">IDS LU</subfield></datafield><datafield ind1="0" ind2="4" tag="082"><subfield code="a">355.4/23</subfield><subfield code="2">20</subfield></datafield><datafield ind1="1" ind2="4" tag="082"><subfield code="a">350</subfield><subfield code="2">15</subfield></datafield><datafield ind1="1" ind2="4" tag="082"><subfield code="a">940</subfield><subfield code="2">15</subfield></datafield><datafield ind1="0" ind2="0" tag="245"><subfield code="a">&lt;&lt;La&gt;&gt; guerre et la montagne</subfield><subfield code="b">XVIIe colloque de la Commission internationale d'histoire militaire = Krieg und Gebirge : XVII. Kongress der Internationalen Kommission für Militärgeschichte = Mountains and warfare : 17th colloquium of the International Commission for Military History : actes</subfield><subfield code="c">publiés par le Louis-Edouard Roulet ; avec la collab. du Derck Engelberts et du Hervé de Weck ; préf. d'André Corvisier</subfield></datafield><datafield ind1="1" ind2=" " tag="246"><subfield code="a">Actes du XVIIe Colloque CIHM</subfield></datafield><datafield ind1="1" ind2=" " tag="246"><subfield code="a">Krieg und Gebirge</subfield></datafield><datafield ind1="1" ind2=" " tag="246"><subfield code="a">Mountains and warfare</subfield></datafield><datafield ind1=" " ind2="1" tag="264"><subfield code="a">Berne</subfield><subfield code="b">Association suisse d'histoire et de sciences militaires</subfield><subfield code="c">1993</subfield></datafield><datafield ind1=" " ind2=" " tag="300"><subfield code="a">2 Bände (539 S.)</subfield><subfield code="b">Ill.</subfield><subfield code="c">24 cm</subfield></datafield><datafield ind1=" " ind2=" " tag="336"><subfield code="b">txt</subfield><subfield code="2">rdacontent</subfield></datafield><datafield ind1=" " ind2=" " tag="337"><subfield code="b">n</subfield><subfield code="2">rdamedia</subfield></datafield><datafield ind1=" " ind2=" " tag="338"><subfield code="b">nc</subfield><subfield code="2">rdacarrier</subfield></datafield><datafield ind1=" " ind2=" " tag="500"><subfield code="a">Beitr. teilw. dt., teilw. engl., teilw. franz. - Literaturangaben</subfield></datafield><datafield ind1=" " ind2=" " tag="500"><subfield code="a">Anlassdaten: 19-24 août 1991, Zurich</subfield></datafield><datafield ind1=" " ind2=" " tag="500"><subfield code="a">Rückentitel: Actes du XVIIe Colloque CIHM</subfield></datafield><datafield ind1=" " ind2="7" tag="650"><subfield code="a">Gebirgskrieg</subfield><subfield code="y">Geschichte</subfield><subfield code="v">Kongressbericht</subfield><subfield code="2">idsbb</subfield></datafield><datafield ind1=" " ind2="7" tag="650"><subfield code="a">Gebirgskrieg</subfield><subfield code="0">(DE-588)4204693-2</subfield><subfield code="2">gnd</subfield></datafield><datafield ind1=" " ind2="0" tag="650"><subfield code="a">Mountain warfare</subfield><subfield code="v">Congresses</subfield></datafield><datafield ind1=" " ind2="0" tag="650"><subfield code="a">Mountain warfare</subfield><subfield code="x">Case studies</subfield><subfield code="v">Congresses</subfield></datafield><datafield ind1=" " ind2="7" tag="650"><subfield code="a">HOHE GEBIRGE + HOCHGEBIRGE</subfield><subfield code="9">ger</subfield><subfield code="0">(ETHUDK)000000243</subfield><subfield code="2">ethudk</subfield></datafield><datafield ind1=" " ind2="7" tag="650"><subfield code="a">KRIEG + KRIEGSFÜHRUNG + MILITÄROPERATIONEN</subfield><subfield code="9">ger</subfield><subfield code="0">(ETHUDK)000011783</subfield><subfield code="2">ethudk</subfield></datafield><datafield ind1=" " ind2="7" tag="650"><subfield code="a">MILITÄRGESCHICHTE + KRIEGSGESCHICHTE</subfield><subfield code="9">ger</subfield><subfield code="0">(ETHUDK)000011813</subfield><subfield code="2">ethudk</subfield></datafield><datafield ind1=" " ind2="7" tag="650"><subfield code="a">Guerre</subfield><subfield code="0">(IDREF)027267709</subfield><subfield code="2">idref</subfield></datafield><datafield ind1=" " ind2="7" tag="650"><subfield code="a">Montagnes</subfield><subfield code="0">(IDREF)027237907</subfield><subfield code="2">idref</subfield></datafield><datafield ind1=" " ind2="7" tag="655"><subfield code="a">Konferenzschrift</subfield><subfield code="z">Zürich (1991)</subfield><subfield code="2">gnd-content</subfield></datafield><datafield ind1=" " ind2="7" tag="655"><subfield code="a">Konferenzschrift</subfield><subfield code="z">Zürich</subfield><subfield code="y">1991/08</subfield><subfield code="2">gnd-content</subfield></datafield><datafield ind1=" " ind2="7" tag="655"><subfield code="a">Actes de congrès</subfield><subfield code="0">(IDREF)02886431X</subfield><subfield code="2">idref</subfield></datafield><datafield ind1=" " ind2="7" tag="655"><subfield code="a">Konferenzschrift</subfield><subfield code="z">Zürich</subfield><subfield code="y">1991</subfield><subfield code="2">gnd-content</subfield></datafield><datafield ind1=" " ind2=" " tag="690"><subfield code="a">Krieg : Gebirge : Geschichte : Kongress : Zuerich (1991)</subfield><subfield code="2">uzb-UL</subfield></datafield><datafield ind1=" " ind2=" " tag="690"><subfield code="a">Alpen</subfield><subfield code="2">rzh-UA</subfield></datafield><datafield ind1=" " ind2=" " tag="690"><subfield code="a">Gebirge. Schweiz, B: Bedeutung, militärische. Geschichte.</subfield><subfield code="2">rzs-L1</subfield></datafield><datafield ind1=" " ind2=" " tag="690"><subfield code="a">Sicherheitspolitik, B: Gebirge. Geschichte.</subfield><subfield code="2">rzs-L1</subfield></datafield><datafield ind1=" " ind2=" " tag="690"><subfield code="a">Kriegsgeschichte, B: Gebirgskrieg</subfield><subfield code="2">rzs-L1</subfield></datafield><datafield ind1=" " ind2=" " tag="690"><subfield code="a">Militärwesen, B: Gebirge. Geschichte.</subfield><subfield code="2">rzs-L1</subfield></datafield><datafield ind1=" " ind2=" " tag="690"><subfield code="a">Gebirgskrieg. Geschichte. A.</subfield><subfield code="2">rzs-L1</subfield></datafield><datafield ind1=" " ind2=" " tag="690"><subfield code="a">Kriegsgeschichte. Schweiz</subfield><subfield code="2">rzs-L2</subfield></datafield><datafield ind1=" " ind2=" " tag="690"><subfield code="a">Kriegsgeschichte. übrige</subfield><subfield code="2">rzs-L2</subfield></datafield><datafield ind1=" " ind2=" " tag="690"><subfield code="a">Militärgeschichte</subfield><subfield code="2">rzs-L2</subfield></datafield><datafield ind1=" " ind2=" " tag="690"><subfield code="a">Schweiz. Kriegsgeschichte</subfield><subfield code="2">rzs-L2</subfield></datafield><datafield ind1=" " ind2=" " tag="690"><subfield code="a">Schweiz. Militärgeschichte</subfield><subfield code="2">rzs-L2</subfield></datafield><datafield ind1="1" ind2=" " tag="700"><subfield code="a">Weck, Hervé &lt;&lt;de&gt;&gt;</subfield><subfield code="d">1943-</subfield><subfield code="0">(DE-588)107719093X</subfield></datafield><datafield ind1="1" ind2=" " tag="700"><subfield code="a">Engelberts, Derck</subfield><subfield code="d">1957-</subfield><subfield code="6">880-03</subfield><subfield code="0">(DE-588)1154495426</subfield></datafield><datafield ind1="1" ind2=" " tag="880"><subfield code="6">700-03</subfield><subfield code="a">Engelberts, Derck</subfield><subfield code="0">(DE-588)175437912</subfield></datafield><datafield ind1="1" ind2=" " tag="700"><subfield code="a">Roulet, Louis-Édouard</subfield><subfield code="d">19..-1996</subfield><subfield code="0">(IDREF)027111857</subfield></datafield><datafield ind1="2" ind2=" " tag="710"><subfield code="a">Commission internationale d'histoire militaire comparée</subfield><subfield code="b">Colloque</subfield><subfield code="n">17</subfield><subfield code="d">1991</subfield><subfield code="c">Zürich</subfield><subfield code="0">(RERO)A016603280</subfield></datafield><datafield ind1="2" ind2=" " tag="711"><subfield code="a">International Committee of Historical Sciences</subfield><subfield code="e">International Commission of Military History</subfield><subfield code="e">Colloquium</subfield><subfield code="0">(DE-588)1091956472</subfield></datafield><datafield ind1="2" ind2=" " tag="711"><subfield code="a">International Congress of Military History</subfield><subfield code="0">(DE-588)1096621-3</subfield></datafield><datafield ind1=" " ind2=" " tag="900"><subfield code="f">IDSU2medea</subfield></datafield><datafield ind1=" " ind2=" " tag="900"><subfield code="a">REROnoselfmerge</subfield></datafield></record>
</metadata></record>