<record><header><identifier>oai:alma.41SLSP_UGE:991000776529705502</identifier><datestamp>2024-04-14T00:13:28Z</datestamp><setSpec>uge_bcen_RapidILL_BOOK</setSpec><setSpec>uge_aaca_RapidILL_BOOK</setSpec><setSpec>uge_abels_RapidILL_BOOK</setSpec><setSpec>uge_dbu_RapidILL_BOOK</setSpec><setSpec>uge_cmu_RapidILL_BOOK</setSpec><setSpec>uge_mail_RapidILL_BOOK</setSpec><setSpec>uge_abbat_RapidILL_BOOK</setSpec><setSpec>UNIGE_ALL</setSpec><setSpec>uge_acar_RapidILL_BOOK</setSpec><setSpec>uge_aobs_RapidILL_BOOK</setSpec></header><metadata>
<record xmlns="http://www.loc.gov/MARC21/slim" xmlns:xsi="http://www.w3.org/2001/XMLSchema-instance" xsi:schemaLocation="http://www.loc.gov/MARC21/slim http://www.loc.gov/standards/marcxml/schema/MARC21slim.xsd"><leader>03466nam a2200805 c 4500</leader><controlfield tag="001">991000776529705502</controlfield><controlfield tag="005">20230326202844.0</controlfield><controlfield tag="008">201011s1994    gw ||||| |||| 00| ||ger d</controlfield><datafield ind1=" " ind2=" " tag="015"><subfield code="a">94,N04,0555</subfield></datafield><datafield ind1=" " ind2=" " tag="020"><subfield code="a">3515063404</subfield></datafield><datafield ind1=" " ind2=" " tag="035"><subfield code="a">(swissbib)227936809-41slsp_network</subfield></datafield><datafield ind1=" " ind2=" " tag="035"><subfield code="a">227936809</subfield><subfield code="9">ExL</subfield></datafield><datafield ind1=" " ind2=" " tag="035"><subfield code="a">(RERO)1829367-41slsp</subfield></datafield><datafield ind1=" " ind2=" " tag="035"><subfield code="a">(NEBIS)000960124EBI01</subfield></datafield><datafield ind1=" " ind2=" " tag="035"><subfield code="a">(IDSLU)000075627ILU01</subfield></datafield><datafield ind1=" " ind2=" " tag="035"><subfield code="a">(IDSBB)001035815DSV01</subfield></datafield><datafield ind1=" " ind2=" " tag="035"><subfield code="a">(EXLNZ-41SLSP_NETWORK)991121170869705501</subfield></datafield><datafield ind1=" " ind2=" " tag="040"><subfield code="a">RERO frbcuc</subfield><subfield code="d">CH-ZuSLS</subfield></datafield><datafield ind1=" " ind2="7" tag="072"><subfield code="a">ht</subfield><subfield code="2">rero</subfield></datafield><datafield ind1=" " ind2="7" tag="072"><subfield code="a">630</subfield><subfield code="2">IDS LU</subfield></datafield><datafield ind1=" " ind2="7" tag="072"><subfield code="a">og</subfield><subfield code="2">SzZuIDS BS/BE</subfield></datafield><datafield ind1=" " ind2="7" tag="072"><subfield code="a">po</subfield><subfield code="2">SzZuIDS BS/BE</subfield></datafield><datafield ind1="0" ind2="4" tag="082"><subfield code="a">930</subfield></datafield><datafield ind1="1" ind2="4" tag="082"><subfield code="a">320</subfield><subfield code="2">15</subfield></datafield><datafield ind1="1" ind2="4" tag="082"><subfield code="a">940</subfield><subfield code="2">15</subfield></datafield><datafield ind1=" " ind2=" " tag="084"><subfield code="a">NK 6810</subfield><subfield code="2">rvk</subfield></datafield><datafield ind1=" " ind2=" " tag="084"><subfield code="a">NP 6000</subfield><subfield code="2">rvk</subfield></datafield><datafield ind1="1" ind2=" " tag="100"><subfield code="a">Ortmann, Frank</subfield><subfield code="d">19..-....</subfield><subfield code="0">(IDREF)057088918</subfield><subfield code="4">cre</subfield></datafield><datafield ind1="1" ind2="0" tag="245"><subfield code="a">Revolutionäre im Exil</subfield><subfield code="b">der &quot;Auslandsbund Russischer Sozialdemokraten&quot; zwischen autoritärem Führungsanspruch und politischer Ohnmacht (1888-1903)</subfield><subfield code="c">Frank Ortmann</subfield></datafield><datafield ind1=" " ind2="1" tag="264"><subfield code="a">Stuttgart</subfield><subfield code="b">F. Steiner</subfield><subfield code="c">1994</subfield></datafield><datafield ind1=" " ind2=" " tag="300"><subfield code="a">254 S.</subfield><subfield code="b">1 Abb.</subfield><subfield code="c">24 cm</subfield></datafield><datafield ind1=" " ind2=" " tag="336"><subfield code="b">txt</subfield><subfield code="2">rdacontent</subfield></datafield><datafield ind1=" " ind2=" " tag="337"><subfield code="b">n</subfield><subfield code="2">rdamedia</subfield></datafield><datafield ind1=" " ind2=" " tag="338"><subfield code="b">nc</subfield><subfield code="2">rdacarrier</subfield></datafield><datafield ind1="1" ind2=" " tag="490"><subfield code="a">Quellen und Studien zur Geschichte des östlichen Europa</subfield><subfield code="v">Bd. 39</subfield></datafield><datafield ind1="2" ind2="7" tag="610"><subfield code="a">Sojuz russkich socialʹdemokratov</subfield><subfield code="0">(DE-588)16008633-4</subfield><subfield code="2">gnd</subfield></datafield><datafield ind1="2" ind2="0" tag="610"><subfield code="a">Rossiĭskai͡a sot͡sial-demokraticheskai͡a rabochai͡a partii͡a</subfield><subfield code="x">History</subfield></datafield><datafield ind1="2" ind2="0" tag="610"><subfield code="a">Soi͡uz russkikh sot͡sial-demokratov</subfield><subfield code="x">History</subfield></datafield><datafield ind1="0" ind2="7" tag="610"><subfield code="a">Sojuz russkich socialʹdemokratov</subfield><subfield code="0">(DE-588)16008633-4</subfield><subfield code="2">gnd</subfield></datafield><datafield ind1=" " ind2="7" tag="648"><subfield code="a">Geschichte 1850-1900</subfield><subfield code="2">idszbz</subfield></datafield><datafield ind1=" " ind2="7" tag="648"><subfield code="a">Geschichte 1900-1950</subfield><subfield code="2">idszbz</subfield></datafield><datafield ind1=" " ind2="7" tag="648"><subfield code="a">Geschichte 1888-1903</subfield><subfield code="2">gnd</subfield></datafield><datafield ind1=" " ind2="7" tag="650"><subfield code="a">Socialisme</subfield><subfield code="0">(IDREF)05054750X</subfield><subfield code="2">idref</subfield></datafield><datafield ind1=" " ind2="7" tag="650"><subfield code="a">vie politique</subfield><subfield code="0">(RERO)A010009335</subfield><subfield code="2">rerovoc</subfield></datafield><datafield ind1=" " ind2="7" tag="650"><subfield code="a">1888-1903</subfield><subfield code="2">rero</subfield></datafield><datafield ind1=" " ind2="7" tag="650"><subfield code="a">Russes</subfield><subfield code="0">(IDREF)027369579</subfield><subfield code="2">idref</subfield></datafield><datafield ind1=" " ind2="0" tag="650"><subfield code="a">Political refugees</subfield><subfield code="z">Russia</subfield></datafield><datafield ind1=" " ind2="0" tag="650"><subfield code="a">Political refugees</subfield><subfield code="z">Switzerland</subfield></datafield><datafield ind1=" " ind2="0" tag="650"><subfield code="a">Russians</subfield><subfield code="z">Switzerland</subfield></datafield><datafield ind1=" " ind2="7" tag="650"><subfield code="a">GESCHICHTE</subfield><subfield code="9">ger</subfield><subfield code="0">(ETHUDK)000036805</subfield><subfield code="2">ethudk</subfield></datafield><datafield ind1=" " ind2="7" tag="650"><subfield code="a">POLITISCHE FLÜCHTLINGE (POLITIK)</subfield><subfield code="9">ger</subfield><subfield code="0">(ETHUDK)000040332</subfield><subfield code="2">ethudk</subfield></datafield><datafield ind1=" " ind2="7" tag="650"><subfield code="a">RUSSLAND (AB 1991 UND VOR 1917). RUSSISCHE FÖDERATION</subfield><subfield code="9">ger</subfield><subfield code="0">(ETHUDK)000047272</subfield><subfield code="2">ethudk</subfield></datafield><datafield ind1=" " ind2="7" tag="650"><subfield code="a">SOZIALISTISCHE PARTEIEN + SOZIALISMUS (POLITIK)</subfield><subfield code="9">ger</subfield><subfield code="0">(ETHUDK)000010264</subfield><subfield code="2">ethudk</subfield></datafield><datafield ind1=" " ind2="7" tag="650"><subfield code="a">&quot;1888/1903&quot;</subfield><subfield code="2">ethudk</subfield></datafield><datafield ind1=" " ind2="7" tag="650"><subfield code="a">Exil</subfield><subfield code="0">(DE-588)4015959-0</subfield><subfield code="2">gnd</subfield></datafield><datafield ind1=" " ind2="7" tag="650"><subfield code="a">Sozialdemokratie</subfield><subfield code="0">(DE-588)4055695-5</subfield><subfield code="2">gnd</subfield></datafield><datafield ind1=" " ind2="7" tag="650"><subfield code="a">Revolutionär</subfield><subfield code="z">Russland</subfield><subfield code="2">idsbb</subfield></datafield><datafield ind1=" " ind2="7" tag="651"><subfield code="a">Allemagne</subfield><subfield code="0">(IDREF)027218856</subfield><subfield code="2">idref</subfield></datafield><datafield ind1=" " ind2="7" tag="651"><subfield code="a">À l'étranger</subfield><subfield code="0">(IDREF)028686322</subfield><subfield code="2">idref</subfield></datafield><datafield ind1=" " ind2="7" tag="651"><subfield code="a">Russland</subfield><subfield code="0">(DE-588)4076899-5</subfield><subfield code="2">gnd</subfield></datafield><datafield ind1=" " ind2=" " tag="690"><subfield code="a">1800</subfield><subfield code="2">uzb-ZA</subfield></datafield><datafield ind1=" " ind2=" " tag="690"><subfield code="a">Beziehungsgeschichte Aussenpolitik</subfield><subfield code="2">uzb-ZA</subfield></datafield><datafield ind1=" " ind2=" " tag="690"><subfield code="a">Revolutionäre Bewegungen, Aufstände</subfield><subfield code="2">uzb-ZA</subfield></datafield><datafield ind1=" " ind2=" " tag="690"><subfield code="a">Russland Sowjetunion</subfield><subfield code="2">uzb-ZA</subfield></datafield><datafield ind1=" " ind2=" " tag="690"><subfield code="a">Auslandsbund russischer Sozialdemokraten. Geschichte. 19/20. Jh. 1888/1903</subfield><subfield code="2">rzs-L1</subfield></datafield><datafield ind1=" " ind2=" " tag="690"><subfield code="a">Emigranten, russische, B: Sozialdemokraten. Geschichte. 19/20. Jh. 1888/1903</subfield><subfield code="2">rzs-L1</subfield></datafield><datafield ind1=" " ind2=" " tag="690"><subfield code="a">Sozialismus. Russland. Geschichte. 19/20. Jh. 1888/1903, B: Auslandsbund russischer Sozialdemokraten</subfield><subfield code="2">rzs-L1</subfield></datafield><datafield ind1="2" ind2=" " tag="710"><subfield code="a">Sojuz russkich socialʹdemokratov</subfield><subfield code="0">(DE-588)16008633-4</subfield></datafield><datafield ind1=" " ind2="0" tag="830"><subfield code="a">Quellen und Studien zur Geschichte des östlichen Europa</subfield><subfield code="v">39</subfield><subfield code="w">(RERO)0359395-41slsp</subfield></datafield><datafield ind1=" " ind2=" " tag="900"><subfield code="a">REROnoselfmerge</subfield></datafield><datafield ind1=" " ind2=" " tag="900"><subfield code="a">IDSZ2MedeaOEG</subfield></datafield></record>
</metadata></record>