<record><header><identifier>oai:alma.41SLSP_UGE:991000776009705502</identifier><datestamp>2023-03-01T01:10:07Z</datestamp><setSpec>uge_bcen_RapidILL_BOOK</setSpec><setSpec>uge_aaca_RapidILL_BOOK</setSpec><setSpec>uge_abels_RapidILL_BOOK</setSpec><setSpec>uge_dbu_RapidILL_BOOK</setSpec><setSpec>uge_cmu_RapidILL_BOOK</setSpec><setSpec>uge_mail_RapidILL_BOOK</setSpec><setSpec>UNIGE_ALL</setSpec><setSpec>uge_abbat_RapidILL_BOOK</setSpec><setSpec>uge_aobs_RapidILL_BOOK</setSpec><setSpec>uge_acar_RapidILL_BOOK</setSpec></header><metadata>
<record xmlns="http://www.loc.gov/MARC21/slim" xmlns:xsi="http://www.w3.org/2001/XMLSchema-instance" xsi:schemaLocation="http://www.loc.gov/MARC21/slim http://www.loc.gov/standards/marcxml/schema/MARC21slim.xsd"><leader>01829nam a2200301 c 4500</leader><controlfield tag="001">991000776009705502</controlfield><controlfield tag="005">20201126054953.0</controlfield><controlfield tag="008">090421s2005    gr ||||| |||| 00| ||gre d</controlfield><datafield ind1=" " ind2=" " tag="020"><subfield code="a">9600340080</subfield></datafield><datafield ind1=" " ind2=" " tag="035"><subfield code="a">(swissbib)107945940-41slsp_network</subfield></datafield><datafield ind1=" " ind2=" " tag="035"><subfield code="a">107945940</subfield><subfield code="9">ExL</subfield></datafield><datafield ind1=" " ind2=" " tag="035"><subfield code="a">(RERO)R005035948-41slsp</subfield></datafield><datafield ind1=" " ind2=" " tag="035"><subfield code="a">(EXLNZ-41SLSP_NETWORK)991145350569705501</subfield></datafield><datafield ind1=" " ind2=" " tag="040"><subfield code="a">RERO geulgm</subfield><subfield code="d">CH-ZuSLS</subfield></datafield><datafield ind1=" " ind2="7" tag="072"><subfield code="a">gr</subfield><subfield code="2">rero</subfield></datafield><datafield ind1="1" ind2=" " tag="100"><subfield code="6">880-01</subfield><subfield code="a">Angeláki-Rouk, Katerína</subfield><subfield code="d">1939-2020</subfield><subfield code="0">(IDREF)035148055</subfield><subfield code="4">cre</subfield></datafield><datafield ind1="1" ind2=" " tag="880"><subfield code="6">100-01/(S</subfield><subfield code="a">Αγγελάκη-Ρουκ, Κατερίνα</subfield><subfield code="d">1939-</subfield></datafield><datafield ind1="1" ind2="0" tag="245"><subfield code="6">880-02</subfield><subfield code="a">Ston ourano tou tipota me elachista</subfield><subfield code="b">poiēmata</subfield><subfield code="c">Katerina Angelakē-Rouk</subfield></datafield><datafield ind1="1" ind2="0" tag="880"><subfield code="6">245-02/(S</subfield><subfield code="a">Στον ουράνο του τίποτα με ελάχιστα</subfield><subfield code="b">ποιήματα</subfield><subfield code="c">Κατερίνα Αγγελάκη-Ρουκ</subfield></datafield><datafield ind1="1" ind2=" " tag="246"><subfield code="a">Ston ourano tou tipota me elachista</subfield><subfield code="b">poii̲mata / Katerína An̲geláki̲-Rouk</subfield></datafield><datafield ind1=" " ind2=" " tag="250"><subfield code="6">880-03</subfield><subfield code="a">2i̲ ekd.</subfield></datafield><datafield ind1=" " ind2=" " tag="880"><subfield code="6">250-03/(S</subfield><subfield code="a">2η έκδ.</subfield></datafield><datafield ind1=" " ind2="1" tag="264"><subfield code="6">880-04</subfield><subfield code="a">Athí̲na</subfield><subfield code="b">Kastanió̲ti̲s</subfield><subfield code="c">2005</subfield></datafield><datafield ind1=" " ind2="1" tag="880"><subfield code="6">264-04/(S</subfield><subfield code="a">Αθήνα</subfield><subfield code="b">Καστανιώτης</subfield><subfield code="c">2005</subfield></datafield><datafield ind1=" " ind2=" " tag="300"><subfield code="a">37 p.</subfield><subfield code="c">22 cm</subfield></datafield><datafield ind1=" " ind2=" " tag="336"><subfield code="b">txt</subfield><subfield code="2">rdacontent</subfield></datafield><datafield ind1=" " ind2=" " tag="337"><subfield code="b">n</subfield><subfield code="2">rdamedia</subfield></datafield><datafield ind1=" " ind2=" " tag="338"><subfield code="b">nc</subfield><subfield code="2">rdacarrier</subfield></datafield><datafield ind1=" " ind2=" " tag="900"><subfield code="a">REROnoselfmerge</subfield></datafield></record>
</metadata></record>