<record><header><identifier>oai:alma.41SLSP_UGE:991000776219705502</identifier><datestamp>2023-07-01T00:27:21Z</datestamp><setSpec>uge_bcen_RapidILL_BOOK</setSpec><setSpec>uge_aaca_RapidILL_BOOK</setSpec><setSpec>uge_abels_RapidILL_BOOK</setSpec><setSpec>uge_dbu_RapidILL_BOOK</setSpec><setSpec>uge_cmu_RapidILL_BOOK</setSpec><setSpec>uge_mail_RapidILL_BOOK</setSpec><setSpec>uge_abbat_RapidILL_BOOK</setSpec><setSpec>UNIGE_ALL</setSpec><setSpec>uge_acar_RapidILL_BOOK</setSpec><setSpec>uge_aobs_RapidILL_BOOK</setSpec></header><metadata>
<record xmlns="http://www.loc.gov/MARC21/slim" xmlns:xsi="http://www.w3.org/2001/XMLSchema-instance" xsi:schemaLocation="http://www.loc.gov/MARC21/slim http://www.loc.gov/standards/marcxml/schema/MARC21slim.xsd"><leader>02326nam a2200385 c 4500</leader><controlfield tag="001">991000776219705502</controlfield><controlfield tag="005">20230630123805.0</controlfield><controlfield tag="008">201012s2001    fr ||||| |||| 00| ||fre d</controlfield><datafield ind1=" " ind2=" " tag="020"><subfield code="a">2070387577</subfield></datafield><datafield ind1=" " ind2=" " tag="035"><subfield code="a">(swissbib)238960951-41slsp_network</subfield></datafield><datafield ind1=" " ind2=" " tag="035"><subfield code="a">238960951</subfield><subfield code="9">ExL</subfield></datafield><datafield ind1=" " ind2=" " tag="035"><subfield code="a">(RERO)R003046379-41slsp</subfield></datafield><datafield ind1=" " ind2=" " tag="035"><subfield code="a">(IDSSG)000240986HSB01</subfield></datafield><datafield ind1=" " ind2=" " tag="035"><subfield code="a">(EXLNZ-41SLSP_NETWORK)991107507369705501</subfield></datafield><datafield ind1=" " ind2=" " tag="040"><subfield code="a">RERO geulfr</subfield><subfield code="d">CH-ZuSLS</subfield></datafield><datafield ind1=" " ind2="7" tag="072"><subfield code="a">fr</subfield><subfield code="2">rero</subfield></datafield><datafield ind1="1" ind2=" " tag="100"><subfield code="6">880-01</subfield><subfield code="a">Bossuet, Jacques Bénigne</subfield><subfield code="d">1627-1704</subfield><subfield code="0">(IDREF)026741059</subfield><subfield code="4">cre</subfield></datafield><datafield ind1="1" ind2=" " tag="880"><subfield code="a">Bossuet, Jacques Bénigne</subfield><subfield code="d">1627-1704</subfield><subfield code="0">(DE-588)118513915</subfield><subfield code="6">100-01</subfield></datafield><datafield ind1="1" ind2="0" tag="245"><subfield code="a">Sermons</subfield><subfield code="b">Le Carême du Louvre 1662</subfield><subfield code="c">Bossuet ; éd. présentée, établie et annotée par Constance Cagnat-Deboeuf</subfield></datafield><datafield ind1=" " ind2="1" tag="264"><subfield code="a">[Paris]</subfield><subfield code="b">Gallimard</subfield><subfield code="c">2001</subfield></datafield><datafield ind1=" " ind2=" " tag="300"><subfield code="a">384 p.</subfield><subfield code="c">18 cm</subfield></datafield><datafield ind1=" " ind2=" " tag="336"><subfield code="b">txt</subfield><subfield code="2">rdacontent</subfield></datafield><datafield ind1=" " ind2=" " tag="337"><subfield code="b">n</subfield><subfield code="2">rdamedia</subfield></datafield><datafield ind1=" " ind2=" " tag="338"><subfield code="b">nc</subfield><subfield code="2">rdacarrier</subfield></datafield><datafield ind1="1" ind2=" " tag="490"><subfield code="a">Collection Folio</subfield><subfield code="v">3458</subfield></datafield><datafield ind1=" " ind2=" " tag="690"><subfield code="a">Fastenzeit; Bossuet; Bergpredigt; Buße; Ambition; Auszug; Chronologie; Evolution; Geistliche; Leben; Death; Jungfrau; Bibel; Dokument; Gott; König; Paris; Wort; Bibliographie; Datei; Donnerstag; Eifer; Fest; Heiliger; Hochschule; Kalender; Meditation; Reinigung; Wirksamkeit</subfield><subfield code="2">idssg-J</subfield></datafield><datafield ind1=" " ind2=" " tag="690"><subfield code="a">Lehrbeauftragter; Schlusswort</subfield><subfield code="2">idssg-J</subfield></datafield><datafield ind1=" " ind2=" " tag="690"><subfield code="a">brüderliches Schlusswort; dritte Woche; erste Woche; fünfte Woche; liebes Schlusswort; prägendes Jahr; sechste Woche; vierte Woche; zweite Woche</subfield><subfield code="2">idssg-J</subfield></datafield><datafield ind1=" " ind2=" " tag="690"><subfield code="a">Frankreich C4EUFR</subfield><subfield code="2">idssg-J</subfield></datafield><datafield ind1=" " ind2=" " tag="690"><subfield code="a">Bossuet Predigten Fastenzeit Louvre; Constance Cagnat Deboeuf; Constance Cagnat Deboeuf Lehrbeauftragter; Februar Erste Woche Predigt; Februar Zweite Woche Sermon; Herr Heiliger; König Palm; März Bergpredigt Providence Freitag; März Dritte Woche Predigt; März Fünfte Woche Sermon; März Sechste Woche Predigt; On Bossuet dePaul Valery; Predigt Fastenzeit Louvre; Universität Paris Gallimard Vorwort; viert Woche Bergpredigt Ambition</subfield><subfield code="2">idssg-J</subfield></datafield><datafield ind1="1" ind2=" " tag="700"><subfield code="a">Cagnat-Debœuf, Constance</subfield></datafield><datafield ind1="1" ind2=" " tag="700"><subfield code="a">Cagnat-Deboeuf, Constance</subfield><subfield code="0">(RERO)A006455543</subfield></datafield><datafield ind1="1" ind2="2" tag="700"><subfield code="a">Bossuet, Jacques Bénigne</subfield><subfield code="d">1627-1704</subfield><subfield code="t">&lt;&lt;Le&gt;&gt; Carême du Louvre 1662</subfield></datafield><datafield ind1="4" ind2=" " tag="856"><subfield code="u">https://tools.unisg.ch/url/hm00040488</subfield><subfield code="z">Inhaltsverzeichnis</subfield></datafield><datafield ind1=" " ind2="0" tag="830"><subfield code="a">Folio</subfield><subfield code="p">Gallimard</subfield><subfield code="v">3458</subfield><subfield code="w">(RERO)0337698-41slsp</subfield></datafield><datafield ind1=" " ind2=" " tag="949"><subfield code="a">https://tools.unisg.ch/url/hm00040488</subfield></datafield></record>
</metadata></record>