<record><header><identifier>oai:alma.41SLSP_UGE:991000776739705502</identifier><datestamp>2023-09-05T00:35:24Z</datestamp><setSpec>uge_bcen_RapidILL_BOOK</setSpec><setSpec>uge_aaca_RapidILL_BOOK</setSpec><setSpec>uge_abels_RapidILL_BOOK</setSpec><setSpec>uge_dbu_RapidILL_BOOK</setSpec><setSpec>uge_cmu_RapidILL_BOOK</setSpec><setSpec>uge_mail_RapidILL_BOOK</setSpec><setSpec>uge_abbat_RapidILL_BOOK</setSpec><setSpec>UNIGE_ALL</setSpec><setSpec>uge_acar_RapidILL_BOOK</setSpec><setSpec>uge_aobs_RapidILL_BOOK</setSpec></header><metadata>
<record xmlns="http://www.loc.gov/MARC21/slim" xmlns:xsi="http://www.w3.org/2001/XMLSchema-instance" xsi:schemaLocation="http://www.loc.gov/MARC21/slim http://www.loc.gov/standards/marcxml/schema/MARC21slim.xsd"><leader>01355nam a2200325 c 4500</leader><controlfield tag="001">991000776739705502</controlfield><controlfield tag="005">20230415205012.0</controlfield><controlfield tag="008">201012s1963    cu            0|| | spa d</controlfield><datafield ind1=" " ind2=" " tag="035"><subfield code="a">(swissbib)240178882-41slsp_network</subfield></datafield><datafield ind1=" " ind2=" " tag="035"><subfield code="a">240178882</subfield><subfield code="9">ExL</subfield></datafield><datafield ind1=" " ind2=" " tag="035"><subfield code="a">(NEBIS)002969140EBI01</subfield></datafield><datafield ind1=" " ind2=" " tag="035"><subfield code="a">(RERO)2261268-41slsp</subfield></datafield><datafield ind1=" " ind2=" " tag="035"><subfield code="a">(EXLNZ-41SLSP_NETWORK)991128461369705501</subfield></datafield><datafield ind1=" " ind2=" " tag="040"><subfield code="a">SzZuIDS NEBIS ZBZ</subfield><subfield code="d">CH-ZuSLS</subfield></datafield><datafield ind1=" " ind2="7" tag="072"><subfield code="a">sp</subfield><subfield code="2">rero</subfield></datafield><datafield ind1="1" ind2=" " tag="100"><subfield code="a">Martí, José</subfield><subfield code="d">1853-1895</subfield><subfield code="0">(DE-588)118578235</subfield><subfield code="6">880-01</subfield></datafield><datafield ind1="1" ind2=" " tag="880"><subfield code="6">100-01</subfield><subfield code="a">Martí, José</subfield><subfield code="c">homme politique</subfield><subfield code="d">1853-1895</subfield><subfield code="0">(IDREF)027639991</subfield><subfield code="4">cre</subfield></datafield><datafield ind1="1" ind2="0" tag="245"><subfield code="a">Cuba</subfield><subfield code="c">José Martí</subfield></datafield><datafield ind1=" " ind2="1" tag="264"><subfield code="a">La Habana</subfield><subfield code="b">Editorial nacional de Cuba</subfield><subfield code="c">1963</subfield></datafield><datafield ind1=" " ind2=" " tag="300"><subfield code="a">5 vol.</subfield><subfield code="b">portr.</subfield><subfield code="c">24 cm</subfield></datafield><datafield ind1=" " ind2=" " tag="336"><subfield code="b">txt</subfield><subfield code="2">rdacontent</subfield></datafield><datafield ind1=" " ind2=" " tag="337"><subfield code="b">n</subfield><subfield code="2">rdamedia</subfield></datafield><datafield ind1=" " ind2=" " tag="338"><subfield code="b">nc</subfield><subfield code="2">rdacarrier</subfield></datafield><datafield ind1="1" ind2=" " tag="490"><subfield code="a">Obras completas / José Martí</subfield><subfield code="v">1-5</subfield></datafield><datafield ind1="0" ind2=" " tag="505"><subfield code="a">Vol. 1-3: Política y revolución</subfield></datafield><datafield ind1="0" ind2=" " tag="505"><subfield code="a">Vol. 4: Política y revolución, discursos revolucionarios, hombres</subfield></datafield><datafield ind1="0" ind2=" " tag="505"><subfield code="a">Vol. 5: Mujeres, letras, educación, pintura y música en casa</subfield></datafield><datafield ind1="4" ind2=" " tag="856"><subfield code="3">Titelblatt und Inhaltsverzeichnis</subfield><subfield code="u">https://toc.library.ethz.ch/objects/pdf03/z01_002969140_01.pdf</subfield><subfield code="q">pdf</subfield></datafield><datafield ind1="1" ind2=" " tag="800"><subfield code="a">Martí, José</subfield><subfield code="d">1853-1895</subfield><subfield code="t">Obras completas</subfield><subfield code="v">1-5</subfield><subfield code="w">(NEBIS)005543953EBI01</subfield></datafield><datafield ind1=" " ind2=" " tag="900"><subfield code="a">IDSZ2zbzmon200803e</subfield><subfield code="c">IDSZ2sbae</subfield></datafield><datafield ind1=" " ind2=" " tag="949"><subfield code="a">https://toc.library.ethz.ch/objects/pdf03/z01_002969140_01.pdf</subfield></datafield><datafield ind1=" " ind2=" " tag="993"><subfield code="a">DBUA 15179/1-5</subfield><subfield code="x">fondsflüscher2016</subfield><subfield code="9">LOCAL</subfield></datafield></record>
</metadata></record>