<record><header><identifier>oai:alma.41SLSP_UGE:991000776719705502</identifier><datestamp>2023-03-01T01:10:07Z</datestamp><setSpec>uge_bcen_RapidILL_BOOK</setSpec><setSpec>uge_aaca_RapidILL_BOOK</setSpec><setSpec>uge_abels_RapidILL_BOOK</setSpec><setSpec>uge_dbu_RapidILL_BOOK</setSpec><setSpec>uge_cmu_RapidILL_BOOK</setSpec><setSpec>uge_mail_RapidILL_BOOK</setSpec><setSpec>UNIGE_ALL</setSpec><setSpec>uge_abbat_RapidILL_BOOK</setSpec><setSpec>uge_acar_RapidILL_BOOK</setSpec><setSpec>uge_aobs_RapidILL_BOOK</setSpec></header><metadata>
<record xmlns="http://www.loc.gov/MARC21/slim" xmlns:xsi="http://www.w3.org/2001/XMLSchema-instance" xsi:schemaLocation="http://www.loc.gov/MARC21/slim http://www.loc.gov/standards/marcxml/schema/MARC21slim.xsd"><leader>01392naa a2200301uc 4500</leader><controlfield tag="001">991000776719705502</controlfield><controlfield tag="005">20230210191038.0</controlfield><controlfield tag="008">201011s1989    sz            00| | ger d</controlfield><datafield ind1=" " ind2=" " tag="035"><subfield code="a">(swissbib)221386300-41slsp_network</subfield></datafield><datafield ind1=" " ind2=" " tag="035"><subfield code="a">221386300</subfield><subfield code="9">ExL</subfield></datafield><datafield ind1=" " ind2=" " tag="035"><subfield code="a">(IDSBB)000856774DSV01</subfield></datafield><datafield ind1=" " ind2=" " tag="035"><subfield code="a">(RERO)1217629-41slsp</subfield></datafield><datafield ind1=" " ind2=" " tag="035"><subfield code="a">(EXLNZ-41SLSP_NETWORK)991141300899705501</subfield></datafield><datafield ind1=" " ind2=" " tag="040"><subfield code="a">SzZuIDS BS/BE B465</subfield><subfield code="b">ger</subfield><subfield code="e">kids</subfield><subfield code="d">CH-ZuSLS</subfield></datafield><datafield ind1=" " ind2="7" tag="072"><subfield code="a">dr</subfield><subfield code="2">rero</subfield></datafield><datafield ind1=" " ind2=" " tag="084"><subfield code="a">EF 10 i</subfield><subfield code="2">cjurrom</subfield></datafield><datafield ind1="1" ind2=" " tag="100"><subfield code="a">Kalb, Herbert</subfield><subfield code="d">1957-</subfield><subfield code="0">(DE-588)1047789566</subfield><subfield code="6">880-01</subfield></datafield><datafield ind1="1" ind2=" " tag="880"><subfield code="6">100-01</subfield><subfield code="a">Kalb, Herbert</subfield><subfield code="d">1957-....</subfield><subfield code="0">(IDREF)073337773</subfield><subfield code="4">cre</subfield></datafield><datafield ind1="1" ind2="0" tag="245"><subfield code="a">Anwendbarkeit der laesio enormis auch bei stricti iuris negotia</subfield><subfield code="c">Herbert Kalb</subfield></datafield><datafield ind1=" " ind2=" " tag="336"><subfield code="b">txt</subfield><subfield code="2">rdacontent</subfield></datafield><datafield ind1=" " ind2=" " tag="337"><subfield code="b">n</subfield><subfield code="2">rdamedia</subfield></datafield><datafield ind1=" " ind2=" " tag="338"><subfield code="b">nc</subfield><subfield code="2">rdacarrier</subfield></datafield><datafield ind1=" " ind2=" " tag="580"><subfield code="a">In: Festschrift für Louis Carlen zum 60. Geburtstag / hrsg. von Louis C. Morsak und Markus Escher. - Zürich : Schulthess Polygraphischer Verlag, 1989. - S. 281-295</subfield></datafield><datafield ind1=" " ind2="7" tag="650"><subfield code="a">lésion (contrat)</subfield><subfield code="0">(RERO)A010107895</subfield><subfield code="2">rerovoc</subfield></datafield><datafield ind1=" " ind2="7" tag="650"><subfield code="a">Contrats</subfield><subfield code="0">(IDREF)027466388</subfield><subfield code="2">idref</subfield></datafield><datafield ind1=" " ind2="7" tag="650"><subfield code="a">Droit canonique</subfield><subfield code="0">(IDREF)027467023</subfield><subfield code="2">idref</subfield></datafield><datafield ind1="0" ind2=" " tag="773"><subfield code="t">Festschrift Louis Carlen zum 60. Geburtstag</subfield><subfield code="d">Zürich : Schulthess Polygraphischer Verlag, 1989</subfield><subfield code="g">S. 281-295</subfield><subfield code="q">281-295</subfield><subfield code="w">(IDSBB)000497314DSV01</subfield></datafield><datafield ind1="0" ind2=" " tag="773"><subfield code="t">Festschrift für Louis Carlen zum 60. Geburtstag</subfield><subfield code="g">S. 281-295</subfield><subfield code="w">(RERO)1116869-41slsp</subfield></datafield><datafield ind1=" " ind2=" " tag="900"><subfield code="a">REROnoselfmerge</subfield></datafield></record>
</metadata></record>