<record><header><identifier>oai:alma.41SLSP_UGE:991000776199705502</identifier><datestamp>2023-06-06T00:10:24Z</datestamp><setSpec>UNIGE_ALL</setSpec></header><metadata>
<record xmlns="http://www.loc.gov/MARC21/slim" xmlns:xsi="http://www.w3.org/2001/XMLSchema-instance" xsi:schemaLocation="http://www.loc.gov/MARC21/slim http://www.loc.gov/standards/marcxml/schema/MARC21slim.xsd"><leader>03754ngm a2200649 c 4500</leader><controlfield tag="001">991000776199705502</controlfield><controlfield tag="005">20230605205451.0</controlfield><controlfield tag="007">vd |v||||</controlfield><controlfield tag="008">201011s2014    fr ||| |          v|fre d</controlfield><datafield ind1="3" ind2=" " tag="024"><subfield code="a">3346030027295</subfield></datafield><datafield ind1="4" ind2="2" tag="028"><subfield code="a">3346030027295</subfield></datafield><datafield ind1=" " ind2=" " tag="035"><subfield code="a">(swissbib)223630713-41slsp_network</subfield></datafield><datafield ind1=" " ind2=" " tag="035"><subfield code="a">223630713</subfield><subfield code="9">ExL</subfield></datafield><datafield ind1=" " ind2=" " tag="035"><subfield code="a">(RERO)R008027439-41slsp</subfield></datafield><datafield ind1=" " ind2=" " tag="035"><subfield code="a">(NEBIS)010451545EBI01</subfield></datafield><datafield ind1=" " ind2=" " tag="035"><subfield code="a">(OCoLC)894116290</subfield></datafield><datafield ind1=" " ind2=" " tag="035"><subfield code="a">(EXLNZ-41SLSP_NETWORK)991088131719705501</subfield></datafield><datafield ind1=" " ind2=" " tag="040"><subfield code="a">RERO vsbcvs</subfield><subfield code="d">CH-ZuSLS</subfield></datafield><datafield ind1="0" ind2=" " tag="041"><subfield code="a">fre</subfield></datafield><datafield ind1=" " ind2="7" tag="072"><subfield code="a">se</subfield><subfield code="2">rero</subfield></datafield><datafield ind1="0" ind2="0" tag="245"><subfield code="a">No gazaran</subfield><subfield code="c">un film de Doris Buttignol &amp; Carole Menduni</subfield></datafield><datafield ind1=" " ind2="1" tag="264"><subfield code="a">[Paris]</subfield><subfield code="b">Ed. Montparnasse</subfield><subfield code="c">2014</subfield></datafield><datafield ind1=" " ind2=" " tag="300"><subfield code="a">1 DVD-Video (1 h. 56 min.)</subfield><subfield code="b">coul. (PAL), sonore</subfield></datafield><datafield ind1=" " ind2=" " tag="336"><subfield code="b">tdi</subfield><subfield code="2">rdacontent</subfield></datafield><datafield ind1=" " ind2=" " tag="337"><subfield code="b">v</subfield><subfield code="2">rdamedia</subfield></datafield><datafield ind1=" " ind2=" " tag="338"><subfield code="b">vd</subfield><subfield code="2">rdacarrier</subfield></datafield><datafield ind1="0" ind2=" " tag="490"><subfield code="a">Docs citoyens</subfield></datafield><datafield ind1=" " ind2=" " tag="500"><subfield code="a">Durée du film : 1h30 min.</subfield></datafield><datafield ind1=" " ind2=" " tag="500"><subfield code="a">Choix de langues : français</subfield></datafield><datafield ind1=" " ind2=" " tag="500"><subfield code="a">Une prod. Lardux films : Les films du zèbre : Les Brasseurs de cages, cop. 2014</subfield></datafield><datafield ind1=" " ind2=" " tag="500"><subfield code="a">Durée du film : 1 h. 31 min.</subfield></datafield><datafield ind1=" " ind2=" " tag="500"><subfield code="a">Format image : 16/9</subfield></datafield><datafield ind1=" " ind2=" " tag="504"><subfield code="a">Entretiens avec Hervé Kempf, Vincent Fristot et Thomas Porcher (15 min.). Santé et Fracking (6 min.). Extrait du film &quot;Terres de schiste&quot;, l'exploitation du gaz de schiste en Argentine (5 min.)</subfield></datafield><datafield ind1="0" ind2=" " tag="505"><subfield code="a">Bonus : &quot;Entretiens avec Hervé Kempf, Vincent Fristot et Thomas Porcher&quot; (15 min.) ; &quot;Santé et fracking&quot; (6 min.) ; Extrait du film &quot;Terres de schiste&quot;, l'exploitation du gaz de schiste en Argentine (5 min.)</subfield></datafield><datafield ind1=" " ind2=" " tag="508"><subfield code="a">Lardux Films, les Films du zèbre, les Brasseurs de Cages, cop. 2014</subfield></datafield><datafield ind1="8" ind2=" " tag="520"><subfield code="a">Documentaire</subfield><subfield code="5">RERO/vsbcvs/12.2015</subfield></datafield><datafield ind1="8" ind2=" " tag="520"><subfield code="a">&quot;En Ardèche, début 2011, des milliers de citoyens découvrent que des permis d'exploration de gaz de schiste ont été accordés dans le plus grand secret. Ce déni de démocratie provoque alors une mobilisation sans précédent qui enflamme le Sud-Est de la France et fait reculer l'industrie pétrolière. Un rapport de force s'instaure. Citoyens et élus locaux dénoncent l'illusion d'un eldorado financier et les risques sur la santé et l'environnement. Mais de nouveaux forages démarrent. La résistance sera-t-elle suffisante pour relancer le débat sur la transition énergétique ?&quot;</subfield><subfield code="5">RERO/geumem/01.2015</subfield></datafield><datafield ind1=" " ind2="7" tag="650"><subfield code="a">Gaz de schiste</subfield><subfield code="x">Exploitation</subfield><subfield code="0">(IDREF)167934724</subfield><subfield code="2">idref</subfield></datafield><datafield ind1=" " ind2="7" tag="650"><subfield code="a">Lutte contre</subfield><subfield code="0">(IDREF)028938461</subfield><subfield code="2">idref</subfield></datafield><datafield ind1=" " ind2="7" tag="650"><subfield code="a">Films documentaires</subfield><subfield code="2">ram</subfield></datafield><datafield ind1=" " ind2="7" tag="650"><subfield code="a">Gaz de schiste</subfield><subfield code="x">Exploitation</subfield><subfield code="x">Aspect environnemental</subfield><subfield code="x">DVD</subfield><subfield code="2">ram</subfield></datafield><datafield ind1=" " ind2="7" tag="650"><subfield code="a">Fracturation hydraulique</subfield><subfield code="x">Aspect environnemental</subfield><subfield code="x">DVD</subfield><subfield code="2">ram</subfield></datafield><datafield ind1=" " ind2="7" tag="650"><subfield code="a">Nature</subfield><subfield code="x">Effets de l'homme</subfield><subfield code="x">DVD</subfield><subfield code="2">ram</subfield></datafield><datafield ind1=" " ind2="7" tag="650"><subfield code="a">Politique de l'environnement</subfield><subfield code="z">États-Unis</subfield><subfield code="x">DVD</subfield><subfield code="2">ram</subfield></datafield><datafield ind1=" " ind2="7" tag="650"><subfield code="a">Contamination radioactive</subfield><subfield code="x">Santé publique</subfield><subfield code="z">Amérique du Nord</subfield><subfield code="x">DVD</subfield><subfield code="2">ram</subfield></datafield><datafield ind1=" " ind2="7" tag="650"><subfield code="a">Sols</subfield><subfield code="x">Pollution par les métaux lourds</subfield><subfield code="x">DVD</subfield><subfield code="2">ram</subfield></datafield><datafield ind1=" " ind2="7" tag="650"><subfield code="a">Pétrole</subfield><subfield code="x">Industrie et commerce</subfield><subfield code="x">DVD</subfield><subfield code="2">ram</subfield></datafield><datafield ind1=" " ind2="7" tag="650"><subfield code="a">EXTRACTION DU GAZ NATUREL (INDUSTRIE MINIÈRE)</subfield><subfield code="9">fre</subfield><subfield code="0">(ETHUDK)000029471</subfield><subfield code="2">ethudk</subfield></datafield><datafield ind1=" " ind2="7" tag="650"><subfield code="a">INITIATIVES DES CITOYENS + PROTESTATION DES CITOYENS (POLITIQUE INTÉRIEURE)</subfield><subfield code="9">fre</subfield><subfield code="0">(ETHUDK)000010165</subfield><subfield code="2">ethudk</subfield></datafield><datafield ind1=" " ind2="7" tag="650"><subfield code="a">POLLUTION DE L'ENVIRONNEMENT (PROBLÈMES ENVIRONNEMENTAUX)</subfield><subfield code="9">fre</subfield><subfield code="0">(ETHUDK)000012410</subfield><subfield code="2">ethudk</subfield></datafield><datafield ind1=" " ind2="7" tag="650"><subfield code="a">RISQUES POUR LA SANTÉ + MENACES POUR LA SANTÉ</subfield><subfield code="9">fre</subfield><subfield code="0">(ETHUDK)000026386</subfield><subfield code="2">ethudk</subfield></datafield><datafield ind1=" " ind2="7" tag="650"><subfield code="a">SCHISTES GISEMENTS</subfield><subfield code="9">fre</subfield><subfield code="0">(ETHUDK)000020718</subfield><subfield code="2">ethudk</subfield></datafield><datafield ind1=" " ind2="7" tag="651"><subfield code="a">Ardèche (France)</subfield><subfield code="0">(IDREF)027297179</subfield><subfield code="2">idref</subfield></datafield><datafield ind1=" " ind2="7" tag="655"><subfield code="a">DVD</subfield><subfield code="0">(IDREF)035108444</subfield><subfield code="2">idref</subfield></datafield><datafield ind1=" " ind2="7" tag="655"><subfield code="a">Films documentaires</subfield><subfield code="2">ram</subfield></datafield><datafield ind1="1" ind2=" " tag="700"><subfield code="a">Buttignol, Doris</subfield><subfield code="d">1966-....</subfield><subfield code="0">(IDREF)075892553</subfield></datafield><datafield ind1="1" ind2=" " tag="700"><subfield code="a">Menduni, Carole</subfield><subfield code="0">(IDREF)18151995X</subfield></datafield><datafield ind1=" " ind2=" " tag="911"><subfield code="a">700</subfield><subfield code="a">Bové, José</subfield><subfield code="d">1953-</subfield></datafield></record>
</metadata></record>