<record><header><identifier>oai:alma.41SLSP_UGE:991000775999705502</identifier><datestamp>2023-03-01T01:10:07Z</datestamp><setSpec>uge_bcen_RapidILL_BOOK</setSpec><setSpec>uge_aaca_RapidILL_BOOK</setSpec><setSpec>uge_abels_RapidILL_BOOK</setSpec><setSpec>uge_dbu_RapidILL_BOOK</setSpec><setSpec>uge_cmu_RapidILL_BOOK</setSpec><setSpec>uge_mail_RapidILL_BOOK</setSpec><setSpec>UNIGE_ALL</setSpec><setSpec>uge_abbat_RapidILL_BOOK</setSpec><setSpec>uge_aobs_RapidILL_BOOK</setSpec><setSpec>uge_acar_RapidILL_BOOK</setSpec></header><metadata>
<record xmlns="http://www.loc.gov/MARC21/slim" xmlns:xsi="http://www.w3.org/2001/XMLSchema-instance" xsi:schemaLocation="http://www.loc.gov/MARC21/slim http://www.loc.gov/standards/marcxml/schema/MARC21slim.xsd"><leader>00993nam a2200277 c 4500</leader><controlfield tag="001">991000775999705502</controlfield><controlfield tag="005">20201126055213.0</controlfield><controlfield tag="008">201008s1966    ua ||||| |||| 00| ||ara d</controlfield><datafield ind1=" " ind2=" " tag="035"><subfield code="a">(swissbib)106098373-41slsp_network</subfield></datafield><datafield ind1=" " ind2=" " tag="035"><subfield code="a">106098373</subfield><subfield code="9">ExL</subfield></datafield><datafield ind1=" " ind2=" " tag="035"><subfield code="a">(RERO)R004598186-41slsp</subfield></datafield><datafield ind1=" " ind2=" " tag="035"><subfield code="a">(EXLNZ-41SLSP_NETWORK)991146455009705501</subfield></datafield><datafield ind1=" " ind2=" " tag="040"><subfield code="a">SZ-GeWHO</subfield><subfield code="d">CH-ZuSLS</subfield></datafield><datafield ind1="0" ind2=" " tag="041"><subfield code="a">ara</subfield><subfield code="a">eng</subfield></datafield><datafield ind1=" " ind2="4" tag="060"><subfield code="a">WC 810</subfield></datafield><datafield ind1=" " ind2="7" tag="072"><subfield code="a">me</subfield><subfield code="2">rero</subfield></datafield><datafield ind1="1" ind2=" " tag="100"><subfield code="a">Sherif, Abdel Fattah el-</subfield><subfield code="0">(RERO)A013723765</subfield><subfield code="4">cre</subfield></datafield><datafield ind1="1" ind2="0" tag="245"><subfield code="a">Annual report of the Iflaka Bilharzia Project in Behaira Province</subfield><subfield code="b">final conclusions</subfield></datafield><datafield ind1=" " ind2="1" tag="264"><subfield code="a">Alexandria</subfield><subfield code="b">Dept. of Parasitology</subfield><subfield code="c">1966</subfield></datafield><datafield ind1=" " ind2=" " tag="300"><subfield code="a">Various pagings (ill., maps, photos, plates)</subfield></datafield><datafield ind1=" " ind2=" " tag="500"><subfield code="a">Text in Arabic</subfield></datafield><datafield ind1=" " ind2="2" tag="650"><subfield code="a">Schistosoma</subfield><subfield code="x">parasitology</subfield></datafield><datafield ind1=" " ind2="2" tag="650"><subfield code="a">Schistosomiasis</subfield><subfield code="x">prevention &amp; control</subfield></datafield><datafield ind1=" " ind2="2" tag="651"><subfield code="a">Egypt</subfield></datafield><datafield ind1="1" ind2=" " tag="710"><subfield code="a">Egypte</subfield><subfield code="b">Department of Parasitology</subfield><subfield code="0">(RERO)A013725138</subfield></datafield><datafield ind1="2" ind2=" " tag="710"><subfield code="a">Université (Alexandrie)</subfield><subfield code="b">High Institute of Public Health</subfield><subfield code="0">(RERO)A013725139</subfield></datafield><datafield ind1=" " ind2=" " tag="900"><subfield code="a">REROnoselfmerge</subfield></datafield><datafield ind1=" " ind2=" " tag="990"><subfield code="a">donomshim</subfield><subfield code="9">LOCAL</subfield></datafield></record>
</metadata></record>