<record><header><identifier>oai:alma.41SLSP_UGE:991000776519705502</identifier><datestamp>2023-03-01T01:10:07Z</datestamp><setSpec>uge_bcen_RapidILL_BOOK</setSpec><setSpec>uge_aaca_RapidILL_BOOK</setSpec><setSpec>uge_abels_RapidILL_BOOK</setSpec><setSpec>uge_dbu_RapidILL_BOOK</setSpec><setSpec>uge_cmu_RapidILL_BOOK</setSpec><setSpec>uge_mail_RapidILL_BOOK</setSpec><setSpec>UNIGE_ALL</setSpec><setSpec>uge_abbat_RapidILL_BOOK</setSpec><setSpec>uge_aobs_RapidILL_BOOK</setSpec><setSpec>uge_acar_RapidILL_BOOK</setSpec></header><metadata>
<record xmlns="http://www.loc.gov/MARC21/slim" xmlns:xsi="http://www.w3.org/2001/XMLSchema-instance" xsi:schemaLocation="http://www.loc.gov/MARC21/slim http://www.loc.gov/standards/marcxml/schema/MARC21slim.xsd"><leader>02982nam a2200733 c 4500</leader><controlfield tag="001">991000776519705502</controlfield><controlfield tag="005">20201229233454.0</controlfield><controlfield tag="008">201011t19981998xxu||||| |||| 00| ||eng d</controlfield><datafield ind1=" " ind2=" " tag="019"><subfield code="a">Usher, Mark David (1966-) / Library of Congress</subfield></datafield><datafield ind1=" " ind2=" " tag="020"><subfield code="a">0847689999</subfield><subfield code="q">alk. paper</subfield></datafield><datafield ind1=" " ind2=" " tag="020"><subfield code="a">0847690504</subfield><subfield code="q">pbk. : alk. paper</subfield></datafield><datafield ind1="7" ind2=" " tag="024"><subfield code="a">http://catalogue.bnf.fr/ark:/12148/cb37185926j</subfield><subfield code="2">uri</subfield></datafield><datafield ind1=" " ind2=" " tag="035"><subfield code="a">(swissbib)216459966-41slsp_network</subfield></datafield><datafield ind1=" " ind2=" " tag="035"><subfield code="a">216459966</subfield><subfield code="9">ExL</subfield></datafield><datafield ind1=" " ind2=" " tag="035"><subfield code="a">(RERO)R247228460-41slsp</subfield></datafield><datafield ind1=" " ind2=" " tag="035"><subfield code="a">(IDSBB)001645457DSV01</subfield></datafield><datafield ind1=" " ind2=" " tag="035"><subfield code="a">(NEBIS)001905252EBI01</subfield></datafield><datafield ind1=" " ind2=" " tag="035"><subfield code="a">(EXLNZ-41SLSP_NETWORK)991154469699705501</subfield></datafield><datafield ind1=" " ind2=" " tag="040"><subfield code="a">RERO labcud</subfield><subfield code="d">CH-ZuSLS</subfield></datafield><datafield ind1=" " ind2="7" tag="072"><subfield code="a">gr</subfield><subfield code="2">rero</subfield></datafield><datafield ind1=" " ind2="7" tag="072"><subfield code="a">ag</subfield><subfield code="2">SzZuIDS BS/BE</subfield></datafield><datafield ind1="0" ind2="0" tag="082"><subfield code="a">881/.01</subfield><subfield code="2">21</subfield></datafield><datafield ind1="1" ind2="4" tag="082"><subfield code="a">881.01</subfield><subfield code="2">22</subfield></datafield><datafield ind1="1" ind2="4" tag="082"><subfield code="a">930</subfield><subfield code="2">15</subfield></datafield><datafield ind1="1" ind2=" " tag="100"><subfield code="a">Usher, Mark D.</subfield><subfield code="d">1966-....</subfield><subfield code="0">(IDREF)052202488</subfield><subfield code="4">cre</subfield></datafield><datafield ind1="1" ind2="0" tag="245"><subfield code="a">Homeric stitchings</subfield><subfield code="b">the homeric centos of the empress Eudocia</subfield><subfield code="c">M.D. Usher</subfield></datafield><datafield ind1=" " ind2="1" tag="264"><subfield code="a">Lanham MD [etc.]</subfield><subfield code="b">Rowman &amp; Littlefield Publishers</subfield><subfield code="c">[1998]</subfield></datafield><datafield ind1=" " ind2="4" tag="264"><subfield code="c">© 1998</subfield></datafield><datafield ind1=" " ind2=" " tag="300"><subfield code="a">X, 173 p.</subfield><subfield code="c">24 cm</subfield></datafield><datafield ind1=" " ind2=" " tag="336"><subfield code="b">txt</subfield><subfield code="2">rdacontent</subfield></datafield><datafield ind1=" " ind2=" " tag="337"><subfield code="b">n</subfield><subfield code="2">rdamedia</subfield></datafield><datafield ind1=" " ind2=" " tag="338"><subfield code="b">nc</subfield><subfield code="2">rdacarrier</subfield></datafield><datafield ind1="1" ind2=" " tag="490"><subfield code="a">Greek studies : interdisciplinary approaches</subfield></datafield><datafield ind1=" " ind2=" " tag="504"><subfield code="a">Literaturverz.</subfield></datafield><datafield ind1="0" ind2="7" tag="600"><subfield code="a">Eudoxie</subfield><subfield code="c">(impératrice d'Orient).</subfield><subfield code="t">Centons homériques</subfield><subfield code="0">(RERO)A010184109</subfield><subfield code="2">rero</subfield></datafield><datafield ind1="0" ind2="7" tag="600"><subfield code="a">Aelia Eudokia</subfield><subfield code="c">Byzantinisches Reich, Kaiserin</subfield><subfield code="d">400-460</subfield><subfield code="0">(DE-588)100941028</subfield><subfield code="2">gnd</subfield></datafield><datafield ind1="0" ind2="7" tag="600"><subfield code="a">Homerus</subfield><subfield code="d">ca. v8. Jh.</subfield><subfield code="0">(DE-588)11855333X</subfield><subfield code="2">gnd</subfield></datafield><datafield ind1="0" ind2="7" tag="600"><subfield code="a">Eudocie</subfield><subfield code="c">impératrice d'Orient</subfield><subfield code="d">0 ...-0460</subfield><subfield code="x">Critique et interprétation</subfield><subfield code="2">ram</subfield></datafield><datafield ind1="0" ind2="7" tag="600"><subfield code="a">Aelia Eudokia</subfield><subfield code="c">Byzantinisches Reich, Kaiserin</subfield><subfield code="d">400-460</subfield><subfield code="t">Homerocentones</subfield><subfield code="0">(DE-588)4551738-1</subfield><subfield code="2">gnd</subfield></datafield><datafield ind1="0" ind2="0" tag="600"><subfield code="a">Homer</subfield><subfield code="x">Appreciation</subfield><subfield code="z">Turkey</subfield><subfield code="z">Istanbul</subfield></datafield><datafield ind1="1" ind2="0" tag="600"><subfield code="a">Homer</subfield><subfield code="x">Appreciation</subfield><subfield code="z">Turkey</subfield><subfield code="z">Istanbul</subfield></datafield><datafield ind1="0" ind2="0" tag="600"><subfield code="a">Eudocia</subfield><subfield code="c">Empress, consort of Theodosius II, Emperor of the East</subfield><subfield code="d">-460</subfield><subfield code="x">Criticism and interpretation</subfield></datafield><datafield ind1="0" ind2="0" tag="600"><subfield code="6">880-01</subfield><subfield code="a">Eudocia</subfield><subfield code="c">Empress, consort of Theodosius II, Emperor of the East</subfield><subfield code="d">-460</subfield><subfield code="x">Criticism and interpretation</subfield></datafield><datafield ind1=" " ind2="7" tag="648"><subfield code="a">Geschichte</subfield><subfield code="2">gnd</subfield></datafield><datafield ind1=" " ind2="7" tag="650"><subfield code="a">Cento</subfield><subfield code="g">Literatur</subfield><subfield code="0">(DE-588)4476347-5</subfield><subfield code="2">gnd</subfield></datafield><datafield ind1=" " ind2="7" tag="650"><subfield code="a">Literatur</subfield><subfield code="0">(DE-588)4035964-5</subfield><subfield code="2">gnd</subfield></datafield><datafield ind1=" " ind2="7" tag="650"><subfield code="a">Rezeption</subfield><subfield code="0">(DE-588)4049716-1</subfield><subfield code="2">gnd</subfield></datafield><datafield ind1=" " ind2="7" tag="650"><subfield code="a">EUDOCIA IMPERATRICE D'ORIENTE</subfield><subfield code="x">CENTONI OMERICI</subfield><subfield code="2">scbi</subfield></datafield><datafield ind1=" " ind2="0" tag="650"><subfield code="a">Centos</subfield><subfield code="x">History and criticism</subfield></datafield><datafield ind1=" " ind2="0" tag="650"><subfield code="a">Christian poetry, Greek</subfield><subfield code="x">History and criticism</subfield></datafield><datafield ind1=" " ind2="0" tag="650"><subfield code="a">Literary form</subfield></datafield><datafield ind1=" " ind2="0" tag="650"><subfield code="a">Literary form</subfield><subfield code="x">History</subfield><subfield code="y">To 1500</subfield></datafield><datafield ind1=" " ind2="0" tag="650"><subfield code="a">Mythology, Greek, in literature</subfield></datafield><datafield ind1=" " ind2="0" tag="650"><subfield code="a">Oral tradition</subfield><subfield code="z">Turkey</subfield><subfield code="z">Istanbul</subfield></datafield><datafield ind1=" " ind2="0" tag="650"><subfield code="a">Oral-formulaic analysis</subfield></datafield><datafield ind1=" " ind2="0" tag="650"><subfield code="a">Transmission of texts</subfield></datafield><datafield ind1=" " ind2="0" tag="650"><subfield code="a">Oral tradition</subfield></datafield><datafield ind1=" " ind2="0" tag="650"><subfield code="a">Centos</subfield></datafield><datafield ind1=" " ind2="0" tag="650"><subfield code="a">Christian poetry, Greek</subfield></datafield><datafield ind1=" " ind2="7" tag="651"><subfield code="a">Byzantinisches Reich</subfield><subfield code="0">(DE-588)4009256-2</subfield><subfield code="2">gnd</subfield></datafield><datafield ind1=" " ind2="0" tag="651"><subfield code="a">Byzantine Empire</subfield><subfield code="x">Intellectual life</subfield></datafield><datafield ind1=" " ind2="0" tag="651"><subfield code="a">Byzantine Empire</subfield></datafield><datafield ind1=" " ind2=" " tag="830"><subfield code="a">Greek studies</subfield><subfield code="w">(RERO)1856099-41slsp</subfield></datafield><datafield ind1=" " ind2=" " tag="900"><subfield code="a">REROnoselfmerge</subfield></datafield><datafield ind1=" " ind2=" " tag="900"><subfield code="d">IDSZ2zbzswk200008b</subfield><subfield code="e">IDSZ2brue</subfield></datafield></record>
</metadata></record>