<record><header><identifier>oai:alma.41SLSP_UGE:991000775789705502</identifier><datestamp>2023-06-20T00:26:07Z</datestamp><setSpec>uge_bcen_RapidILL_BOOK</setSpec><setSpec>uge_aaca_RapidILL_BOOK</setSpec><setSpec>uge_abels_RapidILL_BOOK</setSpec><setSpec>uge_dbu_RapidILL_BOOK</setSpec><setSpec>uge_cmu_RapidILL_BOOK</setSpec><setSpec>uge_mail_RapidILL_BOOK</setSpec><setSpec>uge_abbat_RapidILL_BOOK</setSpec><setSpec>UNIGE_ALL</setSpec><setSpec>uge_aobs_RapidILL_BOOK</setSpec><setSpec>uge_acar_RapidILL_BOOK</setSpec></header><metadata>
<record xmlns="http://www.loc.gov/MARC21/slim" xmlns:xsi="http://www.w3.org/2001/XMLSchema-instance" xsi:schemaLocation="http://www.loc.gov/MARC21/slim http://www.loc.gov/standards/marcxml/schema/MARC21slim.xsd"><leader>03125nam a2200685 c 4500</leader><controlfield tag="001">991000775789705502</controlfield><controlfield tag="005">20230619210346.0</controlfield><controlfield tag="008">201012s2017    it ||||| |||| 00| ||ita d</controlfield><datafield ind1=" " ind2=" " tag="010"><subfield code="a">2017387574</subfield></datafield><datafield ind1=" " ind2=" " tag="020"><subfield code="a">8846747704</subfield></datafield><datafield ind1=" " ind2=" " tag="020"><subfield code="a">9788846747709</subfield></datafield><datafield ind1=" " ind2=" " tag="035"><subfield code="a">(swissbib)239108701-41slsp_network</subfield></datafield><datafield ind1=" " ind2=" " tag="035"><subfield code="a">239108701</subfield><subfield code="9">ExL</subfield></datafield><datafield ind1=" " ind2=" " tag="035"><subfield code="a">(RERO)R008688234-41slsp</subfield></datafield><datafield ind1=" " ind2=" " tag="035"><subfield code="a">(IDSBB)006765881DSV01</subfield></datafield><datafield ind1=" " ind2=" " tag="035"><subfield code="a">(NEBIS)011000060EBI01</subfield></datafield><datafield ind1=" " ind2=" " tag="035"><subfield code="a">(OCoLC)1004341447</subfield></datafield><datafield ind1=" " ind2=" " tag="035"><subfield code="a">(OCoLC)993955000</subfield></datafield><datafield ind1=" " ind2=" " tag="035"><subfield code="a">(EXLNZ-41SLSP_NETWORK)991160412119705501</subfield></datafield><datafield ind1=" " ind2=" " tag="040"><subfield code="a">ItFiC</subfield><subfield code="b">eng</subfield><subfield code="e">rda</subfield><subfield code="d">CH-ZuSLS</subfield></datafield><datafield ind1=" " ind2=" " tag="042"><subfield code="a">lccopycat</subfield></datafield><datafield ind1=" " ind2="0" tag="050"><subfield code="a">PQ4710</subfield><subfield code="b">.M66 2017</subfield></datafield><datafield ind1=" " ind2="7" tag="072"><subfield code="a">it</subfield><subfield code="2">rero</subfield></datafield><datafield ind1="0" ind2="4" tag="082"><subfield code="a">851</subfield></datafield><datafield ind1="1" ind2="4" tag="082"><subfield code="a">850</subfield><subfield code="2">15</subfield></datafield><datafield ind1="1" ind2="4" tag="082"><subfield code="a">851</subfield><subfield code="2">14</subfield></datafield><datafield ind1="1" ind2=" " tag="100"><subfield code="a">Moro, Simone</subfield><subfield code="d">1988-</subfield><subfield code="0">(DE-588)1139217534</subfield><subfield code="4">aut</subfield><subfield code="6">880-01</subfield></datafield><datafield ind1="1" ind2=" " tag="880"><subfield code="a">Moro, Simone</subfield><subfield code="d">1988-</subfield><subfield code="0">(RERO)A027100942</subfield><subfield code="4">cre</subfield><subfield code="6">100-01</subfield></datafield><datafield ind1="1" ind2="0" tag="245"><subfield code="a">Coll'arditezza della frase</subfield><subfield code="b">ordine artificiale e sublime nei &quot;Canti&quot; di Leopardi</subfield><subfield code="c">Simone Moro</subfield></datafield><datafield ind1=" " ind2="1" tag="264"><subfield code="a">Pisa</subfield><subfield code="b">Edizioni ETS</subfield><subfield code="c">[2017]</subfield></datafield><datafield ind1=" " ind2=" " tag="300"><subfield code="a">193 pages</subfield><subfield code="c">24 cm</subfield></datafield><datafield ind1=" " ind2=" " tag="336"><subfield code="b">txt</subfield><subfield code="2">rdacontent</subfield></datafield><datafield ind1=" " ind2=" " tag="337"><subfield code="b">n</subfield><subfield code="2">rdamedia</subfield></datafield><datafield ind1=" " ind2=" " tag="338"><subfield code="b">nc</subfield><subfield code="2">rdacarrier</subfield></datafield><datafield ind1="1" ind2=" " tag="490"><subfield code="a">&quot;Quaderni&quot; della Sezione di italiano dell'Università di Losanna</subfield><subfield code="v">12</subfield></datafield><datafield ind1=" " ind2=" " tag="500"><subfield code="a">La parte prima del libro, già apparsa in una forma scorciata sulla rivista &quot;Lingua e stile&quot; 49, 2014, pp. 43-69, è ora ripubblicata con ampliamenti e correzioni</subfield></datafield><datafield ind1=" " ind2=" " tag="500"><subfield code="a">Reihenzählung auf dem Umschlag</subfield></datafield><datafield ind1=" " ind2=" " tag="502"><subfield code="g">Überarbeitete</subfield><subfield code="b">Lizenziatsarbeit</subfield><subfield code="c">Universität Lausanne</subfield><subfield code="d">2013</subfield></datafield><datafield ind1=" " ind2=" " tag="502"><subfield code="g">Nasce dalla revisione e riscrittura della</subfield><subfield code="b">Masterarbeit</subfield><subfield code="c">Università di Losanna</subfield><subfield code="d">2013</subfield></datafield><datafield ind1=" " ind2=" " tag="504"><subfield code="a">Includes bibliographical references (pages 183-189) and index</subfield></datafield><datafield ind1=" " ind2=" " tag="586"><subfield code="a">Tesi vincitrice del XIV &quot;Premio Giacomo Leopardi&quot; per tesi di laurea (2015)</subfield></datafield><datafield ind1="1" ind2="0" tag="600"><subfield code="a">Leopardi, Giacomo</subfield><subfield code="d">1798-1837</subfield><subfield code="x">Literary style</subfield></datafield><datafield ind1="1" ind2="0" tag="600"><subfield code="a">Leopardi, Giacomo</subfield><subfield code="d">1798-1837</subfield><subfield code="t">Canti</subfield></datafield><datafield ind1="1" ind2="7" tag="600"><subfield code="a">Leopardi, Giacomo</subfield><subfield code="d">1798-1837</subfield><subfield code="t">Canti</subfield><subfield code="0">(IDREF)027328406</subfield><subfield code="2">idref</subfield></datafield><datafield ind1="1" ind2="7" tag="600"><subfield code="a">Leopardi, Giacomo</subfield><subfield code="d">1798-1837</subfield><subfield code="2">fast</subfield></datafield><datafield ind1="1" ind2="7" tag="600"><subfield code="a">Leopardi, Giacomo</subfield><subfield code="d">1798-1837</subfield><subfield code="t">Canti</subfield><subfield code="0">(DE-588)4277659-4</subfield><subfield code="2">gnd</subfield></datafield><datafield ind1="0" ind2="7" tag="630"><subfield code="a">Canti (Leopardi, Giacomo)</subfield><subfield code="2">fast</subfield></datafield><datafield ind1=" " ind2="7" tag="650"><subfield code="a">Italien (langue)</subfield><subfield code="0">(IDREF)027278239</subfield><subfield code="2">idref</subfield></datafield><datafield ind1=" " ind2="7" tag="650"><subfield code="a">Ordre des mots</subfield><subfield code="0">(IDREF)027797287</subfield><subfield code="2">idref</subfield></datafield><datafield ind1=" " ind2="7" tag="650"><subfield code="a">Italian language</subfield><subfield code="x">Word order</subfield><subfield code="2">fast</subfield></datafield><datafield ind1=" " ind2="7" tag="650"><subfield code="a">Literary style</subfield><subfield code="2">fast</subfield></datafield><datafield ind1=" " ind2="0" tag="650"><subfield code="a">Italian language</subfield><subfield code="x">Word order</subfield></datafield><datafield ind1=" " ind2="7" tag="655"><subfield code="a">Hochschulschrift</subfield><subfield code="2">gnd-content</subfield></datafield><datafield ind1="4" ind2="2" tag="856"><subfield code="3">Table des matières</subfield><subfield code="u">http://catdir.loc.gov/catdir/toc/casalini16/4143431.pdf</subfield></datafield><datafield ind1="4" ind2=" " tag="856"><subfield code="3">Titelblatt und Inhaltsverzeichnis</subfield><subfield code="u">https://toc.library.ethz.ch/objects/pdf03/z01_978-88-467-4770-9_01.pdf</subfield><subfield code="q">pdf</subfield></datafield><datafield ind1=" " ind2="0" tag="830"><subfield code="a">Quaderni della Sezione di italiano dell'Università di Losanna</subfield><subfield code="v">12</subfield><subfield code="w">(IDSBB)006185689DSV01</subfield></datafield><datafield ind1=" " ind2="0" tag="830"><subfield code="a">Quaderni della Sezione di Italiano dell'Università di Losanna</subfield><subfield code="v">12</subfield><subfield code="w">(RERO)R009054532-41slsp</subfield></datafield><datafield ind1=" " ind2=" " tag="900"><subfield code="a">Stoppsignal FRED</subfield></datafield><datafield ind1=" " ind2=" " tag="900"><subfield code="a">IDSZ2zbzmon201708f</subfield><subfield code="c">IDSZ2rein</subfield><subfield code="d">IDSZ2zbzswk201712g</subfield><subfield code="e">IDSZ2kara</subfield></datafield><datafield ind1=" " ind2=" " tag="949"><subfield code="a">http://catdir.loc.gov/catdir/toc/casalini16/4143431.pdf</subfield></datafield><datafield ind1=" " ind2=" " tag="949"><subfield code="a">https://toc.library.ethz.ch/objects/pdf03/z01_978-88-467-4770-9_01.pdf</subfield></datafield><datafield ind1=" " ind2=" " tag="993"><subfield code="a">BFLA 279191</subfield><subfield code="x">ge/ulit/a/17/443</subfield><subfield code="9">LOCAL</subfield></datafield></record>
</metadata></record>