<record><header><identifier>oai:alma.41SLSP_UGE:991000776029705502</identifier><datestamp>2023-06-10T00:14:49Z</datestamp><setSpec>uge_bcen_RapidILL_BOOK</setSpec><setSpec>uge_aaca_RapidILL_BOOK</setSpec><setSpec>uge_abels_RapidILL_BOOK</setSpec><setSpec>uge_dbu_RapidILL_BOOK</setSpec><setSpec>uge_cmu_RapidILL_BOOK</setSpec><setSpec>uge_mail_RapidILL_BOOK</setSpec><setSpec>uge_abbat_RapidILL_BOOK</setSpec><setSpec>UNIGE_ALL</setSpec><setSpec>uge_acar_RapidILL_BOOK</setSpec><setSpec>uge_aobs_RapidILL_BOOK</setSpec></header><metadata>
<record xmlns="http://www.loc.gov/MARC21/slim" xmlns:xsi="http://www.w3.org/2001/XMLSchema-instance" xsi:schemaLocation="http://www.loc.gov/MARC21/slim http://www.loc.gov/standards/marcxml/schema/MARC21slim.xsd"><leader>04100nam a2200805 c 4500</leader><controlfield tag="001">991000776029705502</controlfield><controlfield tag="005">20230329202411.0</controlfield><controlfield tag="008">201011t19971997xxu||||| |||| 00| ||eng d</controlfield><datafield ind1=" " ind2=" " tag="020"><subfield code="a">0387983635</subfield><subfield code="q">hbk.</subfield></datafield><datafield ind1="7" ind2=" " tag="024"><subfield code="a">http://catalogue.bnf.fr/ark:/12148/cb37730226d</subfield><subfield code="2">uri</subfield></datafield><datafield ind1=" " ind2=" " tag="035"><subfield code="a">(swissbib)213020483-41slsp_network</subfield></datafield><datafield ind1=" " ind2=" " tag="035"><subfield code="a">213020483</subfield><subfield code="9">ExL</subfield></datafield><datafield ind1=" " ind2=" " tag="035"><subfield code="a">(RERO)R228644460-41slsp</subfield></datafield><datafield ind1=" " ind2=" " tag="035"><subfield code="a">(NEBIS)001837028EBI01</subfield></datafield><datafield ind1=" " ind2=" " tag="035"><subfield code="a">(SBT)000617869SBT01</subfield></datafield><datafield ind1=" " ind2=" " tag="035"><subfield code="a">(NEBIS)008067893EBI01</subfield></datafield><datafield ind1=" " ind2=" " tag="035"><subfield code="a">(IDSSG)000161143HSB01</subfield></datafield><datafield ind1=" " ind2=" " tag="035"><subfield code="a">(EXLNZ-41SLSP_NETWORK)991069673339705501</subfield></datafield><datafield ind1=" " ind2=" " tag="040"><subfield code="a">RERO frbcuc</subfield><subfield code="d">CH-ZuSLS</subfield></datafield><datafield ind1=" " ind2="7" tag="072"><subfield code="a">py</subfield><subfield code="2">rero</subfield></datafield><datafield ind1=" " ind2="7" tag="072"><subfield code="a">ma</subfield><subfield code="2">rero</subfield></datafield><datafield ind1=" " ind2="7" tag="072"><subfield code="a">se</subfield><subfield code="2">rero</subfield></datafield><datafield ind1="0" ind2="0" tag="082"><subfield code="a">332/.01/514742</subfield><subfield code="2">21</subfield></datafield><datafield ind1="0" ind2="4" tag="082"><subfield code="a">332.072</subfield><subfield code="b">M152</subfield><subfield code="2">20</subfield></datafield><datafield ind1="0" ind2="4" tag="082"><subfield code="a">332.015195</subfield></datafield><datafield ind1=" " ind2=" " tag="084"><subfield code="a">01.40</subfield><subfield code="2">msc</subfield></datafield><datafield ind1=" " ind2=" " tag="084"><subfield code="a">QP 890</subfield><subfield code="2">rvk</subfield></datafield><datafield ind1=" " ind2=" " tag="084"><subfield code="a">QH 230</subfield><subfield code="2">rvk</subfield></datafield><datafield ind1="1" ind2=" " tag="100"><subfield code="6">880-01</subfield><subfield code="a">Mandelbrot, Benoît B.</subfield><subfield code="d">1924-2010</subfield><subfield code="0">(IDREF)027005518</subfield><subfield code="4">cre</subfield></datafield><datafield ind1="1" ind2=" " tag="880"><subfield code="6">100-01</subfield><subfield code="a">Mandelbrot, Benoît</subfield><subfield code="0">(SBT11)000005195</subfield></datafield><datafield ind1="1" ind2="0" tag="245"><subfield code="a">Fractals and scaling in finance</subfield><subfield code="b">discontinuity, concentration, risk</subfield><subfield code="c">Benoit B. Mandelbrot ; with forew. by R.E. Gomory ; and contributions by P.H. Cootner ... [et al.]</subfield></datafield><datafield ind1=" " ind2="1" tag="264"><subfield code="a">New York [etc.]</subfield><subfield code="b">Springer</subfield><subfield code="c">[1997]</subfield></datafield><datafield ind1=" " ind2="4" tag="264"><subfield code="c">© 1997</subfield></datafield><datafield ind1=" " ind2=" " tag="300"><subfield code="a">X, 551 S.</subfield><subfield code="b">Fig., Photogr.</subfield></datafield><datafield ind1=" " ind2=" " tag="336"><subfield code="b">txt</subfield><subfield code="2">rdacontent</subfield></datafield><datafield ind1=" " ind2=" " tag="337"><subfield code="b">n</subfield><subfield code="2">rdamedia</subfield></datafield><datafield ind1=" " ind2=" " tag="338"><subfield code="b">nc</subfield><subfield code="2">rdacarrier</subfield></datafield><datafield ind1="1" ind2=" " tag="490"><subfield code="a">Selected works of Benoit B. Mandelbrot</subfield><subfield code="v">selecta vol. E</subfield></datafield><datafield ind1=" " ind2=" " tag="504"><subfield code="a">p. [526]-541</subfield></datafield><datafield ind1=" " ind2=" " tag="504"><subfield code="a">Literaturverz.: S. 526-541</subfield></datafield><datafield ind1=" " ind2=" " tag="520"><subfield code="a">This is the first book in the Selecta, the collected works of Benoit Mandelbrot. This volume incorporates his original contributions to finance and is a major contribution to the understanding of how speculative prices vary in time. The chapters consist of much new material prepared for this volume, as well as reprints of his classic papers. Much of this work helps to lay a foundation for evaluating risks in trading strategies. Statistical Papers, 2000: &quot;...this is a most useful collection of Mandelbrot's work economics, it provides an excellent starting point for anybody interested in the origin of many current topics in empirical finance or the distribution of income.&quot;</subfield><subfield code="5">SBT/25.05.2010/BUL/RCG</subfield></datafield><datafield ind1=" " ind2="7" tag="650"><subfield code="a">Finances</subfield><subfield code="0">(IDREF)027606511</subfield><subfield code="2">idref</subfield></datafield><datafield ind1=" " ind2="7" tag="650"><subfield code="a">Fractales</subfield><subfield code="0">(IDREF)027755576</subfield><subfield code="2">idref</subfield></datafield><datafield ind1=" " ind2="7" tag="650"><subfield code="a">Finanzwirtschaft</subfield><subfield code="0">(DE-588)4017214-4</subfield><subfield code="2">gnd</subfield></datafield><datafield ind1=" " ind2="7" tag="650"><subfield code="a">Ökonometrisches Modell</subfield><subfield code="0">(DE-588)4043212-9</subfield><subfield code="2">gnd</subfield></datafield><datafield ind1=" " ind2="7" tag="650"><subfield code="a">Preisentwicklung</subfield><subfield code="0">(DE-588)4125931-2</subfield><subfield code="2">gnd</subfield></datafield><datafield ind1=" " ind2="7" tag="650"><subfield code="a">Fraktal</subfield><subfield code="2">idszbz</subfield></datafield><datafield ind1=" " ind2="7" tag="650"><subfield code="a">Preisänderung</subfield><subfield code="2">idszbz</subfield></datafield><datafield ind1=" " ind2="7" tag="650"><subfield code="a">Skalierung</subfield><subfield code="2">idszbz</subfield></datafield><datafield ind1=" " ind2="0" tag="650"><subfield code="a">Finance</subfield><subfield code="x">Statistical methods</subfield></datafield><datafield ind1=" " ind2="0" tag="650"><subfield code="a">Fractals</subfield></datafield><datafield ind1=" " ind2="0" tag="650"><subfield code="a">Scaling (Social sciences)</subfield></datafield><datafield ind1=" " ind2="7" tag="650"><subfield code="a">ANALYSE DE PROXIMITÉ (STATISTIQUE MATHÉMATIQUE)</subfield><subfield code="9">fre</subfield><subfield code="0">(ETHUDK)000013570</subfield><subfield code="2">ethudk</subfield></datafield><datafield ind1=" " ind2="7" tag="650"><subfield code="a">FRACTALS (TOPOLOGY)</subfield><subfield code="9">eng</subfield><subfield code="0">(ETHUDK)000013035</subfield><subfield code="2">ethudk</subfield></datafield><datafield ind1=" " ind2="7" tag="650"><subfield code="a">MATHÉMATIQUES FINANCIÈRES + MATHÉMATIQUES ÉCONOMIQUES</subfield><subfield code="9">fre</subfield><subfield code="0">(ETHUDK)000012472</subfield><subfield code="2">ethudk</subfield></datafield><datafield ind1=" " ind2="7" tag="650"><subfield code="a">Fraktal</subfield><subfield code="0">(DE-588)4123220-3</subfield><subfield code="2">gnd</subfield></datafield><datafield ind1=" " ind2="7" tag="650"><subfield code="a">Kapitalmarkttheorie</subfield><subfield code="0">(DE-588)4137411-3</subfield><subfield code="2">gnd</subfield></datafield><datafield ind1=" " ind2="7" tag="650"><subfield code="a">Skalierung</subfield><subfield code="0">(DE-588)4055202-0</subfield><subfield code="2">gnd</subfield></datafield><datafield ind1=" " ind2="7" tag="655"><subfield code="a">[Études diverses]</subfield><subfield code="0">(RERO)A022249905</subfield><subfield code="2">rero</subfield></datafield><datafield ind1=" " ind2="7" tag="655"><subfield code="a">Aufsatzsammlung</subfield><subfield code="2">gnd-content</subfield></datafield><datafield ind1=" " ind2=" " tag="691"><subfield code="e">332.01514742</subfield><subfield code="a">Economia finanziaria. Frattali</subfield><subfield code="2">usi-TE</subfield></datafield><datafield ind1="1" ind2=" " tag="700"><subfield code="a">Mandelbrot, Benoît B.</subfield><subfield code="d">1924-2010</subfield><subfield code="0">(DE-588)118974203</subfield><subfield code="e">Verfasser</subfield><subfield code="4">aut</subfield></datafield><datafield ind1="1" ind2=" " tag="700"><subfield code="a">Cootner, P.H.</subfield><subfield code="e">Verfasser</subfield><subfield code="4">aut</subfield></datafield><datafield ind1="1" ind2=" " tag="700"><subfield code="a">Mandelbrot, Benoît B.</subfield></datafield><datafield ind1="1" ind2=" " tag="700"><subfield code="a">Cootner, Paul H.</subfield><subfield code="0">(IDREF)059281332</subfield></datafield><datafield ind1="4" ind2=" " tag="856"><subfield code="3">Abstract / Autoreninformation</subfield><subfield code="u">https://toc.library.ethz.ch/objects/pdf/000021846_e01_0387983635_02.pdf</subfield><subfield code="q">pdf</subfield></datafield><datafield ind1="1" ind2=" " tag="800"><subfield code="a">Mandelbrot, Benoît</subfield><subfield code="t">Selected works of Benoit B. Mandelbrot</subfield><subfield code="v">E</subfield><subfield code="w">(RERO)R228637560-41slsp</subfield></datafield><datafield ind1="1" ind2=" " tag="800"><subfield code="a">Mandelbrot, Benoît B.</subfield><subfield code="t">Selected works of Benoît B. Mandelbrot</subfield><subfield code="v">E</subfield><subfield code="w">(IDSSG)000167003HSB01</subfield></datafield><datafield ind1="1" ind2=" " tag="800"><subfield code="a">Mandelbrot, Benoît B.</subfield><subfield code="d">1924-2010</subfield><subfield code="t">Selected works of Benoit B. Mandelbrot</subfield><subfield code="v">E</subfield><subfield code="w">(NEBIS)001861441EBI01</subfield></datafield><datafield ind1=" " ind2=" " tag="900"><subfield code="a">REROnoselfmerge</subfield></datafield><datafield ind1=" " ind2=" " tag="900"><subfield code="a">IDSE5E74ANH-2005</subfield></datafield></record>
</metadata></record>