<record><header><identifier>oai:alma.41SLSP_UGE:991000776759705502</identifier><datestamp>2023-06-30T00:19:24Z</datestamp><setSpec>uge_bcen_RapidILL_BOOK</setSpec><setSpec>uge_aaca_RapidILL_BOOK</setSpec><setSpec>uge_abels_RapidILL_BOOK</setSpec><setSpec>uge_dbu_RapidILL_BOOK</setSpec><setSpec>uge_cmu_RapidILL_BOOK</setSpec><setSpec>uge_mail_RapidILL_BOOK</setSpec><setSpec>uge_abbat_RapidILL_BOOK</setSpec><setSpec>UNIGE_ALL</setSpec><setSpec>uge_acar_RapidILL_BOOK</setSpec><setSpec>uge_aobs_RapidILL_BOOK</setSpec></header><metadata>
<record xmlns="http://www.loc.gov/MARC21/slim" xmlns:xsi="http://www.w3.org/2001/XMLSchema-instance" xsi:schemaLocation="http://www.loc.gov/MARC21/slim http://www.loc.gov/standards/marcxml/schema/MARC21slim.xsd"><leader>13976nam a2200889 c 4500</leader><controlfield tag="001">991000776759705502</controlfield><controlfield tag="005">20230629185821.0</controlfield><controlfield tag="008">201011s2019    sz       |||| 00| | eng|d</controlfield><datafield ind1=" " ind2=" " tag="020"><subfield code="a">3725587108</subfield></datafield><datafield ind1=" " ind2=" " tag="020"><subfield code="a">9783725587100</subfield><subfield code="q">Festeinband</subfield><subfield code="c">CHF 158.00</subfield></datafield><datafield ind1=" " ind2=" " tag="035"><subfield code="a">(swissbib)231169558-41slsp_network</subfield></datafield><datafield ind1=" " ind2=" " tag="035"><subfield code="a">231169558</subfield><subfield code="9">ExL</subfield></datafield><datafield ind1=" " ind2=" " tag="035"><subfield code="a">(IDSBB)007081140DSV01</subfield></datafield><datafield ind1=" " ind2=" " tag="035"><subfield code="a">(NEBIS)011488041EBI01</subfield></datafield><datafield ind1=" " ind2=" " tag="035"><subfield code="a">(IDSSG)001053874HSB01</subfield></datafield><datafield ind1=" " ind2=" " tag="035"><subfield code="a">(IDSLU)001375409ILU01</subfield></datafield><datafield ind1=" " ind2=" " tag="035"><subfield code="a">(RERO)R008914181-41slsp</subfield></datafield><datafield ind1=" " ind2=" " tag="035"><subfield code="a">(OCoLC)1119537082</subfield></datafield><datafield ind1=" " ind2=" " tag="035"><subfield code="a">(EXLNZ-41SLSP_NETWORK)991061821579705501</subfield></datafield><datafield ind1=" " ind2=" " tag="040"><subfield code="a">RERO iftfla</subfield><subfield code="b">ger</subfield><subfield code="e">rda</subfield><subfield code="d">CH-ZuSLS</subfield></datafield><datafield ind1="0" ind2=" " tag="041"><subfield code="a">eng</subfield><subfield code="a">ger</subfield><subfield code="a">fre</subfield><subfield code="a">ita</subfield></datafield><datafield ind1=" " ind2=" " tag="044"><subfield code="a">sz</subfield><subfield code="c">ch-ge</subfield></datafield><datafield ind1=" " ind2="7" tag="072"><subfield code="a">807</subfield><subfield code="2">IDS LU</subfield></datafield><datafield ind1=" " ind2="7" tag="072"><subfield code="a">dr</subfield><subfield code="2">rero</subfield></datafield><datafield ind1="1" ind2="4" tag="082"><subfield code="a">340</subfield><subfield code="2">15</subfield></datafield><datafield ind1=" " ind2=" " tag="084"><subfield code="a">CA/CH 29.1 g</subfield><subfield code="2">cjurrom</subfield></datafield><datafield ind1=" " ind2=" " tag="084"><subfield code="a">CA/CH 29.1 h</subfield><subfield code="2">cjurrom</subfield></datafield><datafield ind1="1" ind2=" " tag="100"><subfield code="a">Müller, Christoph</subfield><subfield code="d">1969-</subfield><subfield code="0">(DE-588)132186349</subfield><subfield code="4">aut</subfield><subfield code="6">880-01</subfield></datafield><datafield ind1="1" ind2=" " tag="880"><subfield code="6">100-01</subfield><subfield code="a">Müller, Christoph</subfield><subfield code="c">juriste</subfield><subfield code="d">1969-....</subfield><subfield code="0">(IDREF)074231022</subfield><subfield code="4">aut</subfield></datafield><datafield ind1="1" ind2="0" tag="245"><subfield code="a">Swiss case law in international arbitration</subfield><subfield code="c">Christoph Müller, Sabrina Pearson</subfield></datafield><datafield ind1=" " ind2=" " tag="250"><subfield code="a">3rd revised edition</subfield></datafield><datafield ind1=" " ind2="1" tag="264"><subfield code="a">Genève</subfield><subfield code="a">Zurich</subfield><subfield code="a">Bâle</subfield><subfield code="b">Schulthess Éditions romandes</subfield><subfield code="c">2019</subfield></datafield><datafield ind1=" " ind2=" " tag="300"><subfield code="a">XXXIX, 876 Seiten</subfield></datafield><datafield ind1=" " ind2=" " tag="336"><subfield code="b">txt</subfield><subfield code="2">rdacontent</subfield></datafield><datafield ind1=" " ind2=" " tag="337"><subfield code="b">n</subfield><subfield code="2">rdamedia</subfield></datafield><datafield ind1=" " ind2=" " tag="338"><subfield code="b">nc</subfield><subfield code="2">rdacarrier</subfield></datafield><datafield ind1=" " ind2=" " tag="500"><subfield code="a">Enthält auch die Texte des 12. Kapitels des Schweizerischen Bundesgesetzes über das Internationale Privatrecht (IPRG): Internationale Schiedsgerichtsbarkeit in Englisch, Deutsch, Französisch und Italienisch, sowie der New York Convention (Convention on the Recognition and Enforcement of Foreign Arbitral Awards) in Englisch</subfield></datafield><datafield ind1=" " ind2=" " tag="500"><subfield code="a">Enthält auch die Texte des 12. Kapitels des Schweizerischen Bundesgesetzes über das Internationale Privatrecht (IPRG): Internationale Schiedsgerichtsbarkeit in Englisch, Deutsch, Französisch und Italienisch, sowie der New York Convention (Convention on the Recognition and Enforcement of Foreign Arbitral Awards) in Englisch . - 1. Auflage unter dem Titel: International arbitration</subfield></datafield><datafield ind1=" " ind2=" " tag="504"><subfield code="a">Index.</subfield></datafield><datafield ind1=" " ind2=" " tag="546"><subfield code="a">Text englisch, Gesetzestexte englisch, deutsch, französisch oder italienisch</subfield></datafield><datafield ind1=" " ind2="7" tag="650"><subfield code="a">INTERNATIONAL ARBITRATION (INTERNATIONAL LAW)</subfield><subfield code="9">eng</subfield><subfield code="0">(ETHUDK)000011070</subfield><subfield code="2">ethudk</subfield></datafield><datafield ind1=" " ind2="7" tag="650"><subfield code="a">JURISPRUDENCE + ADJUDICATION (LAW)</subfield><subfield code="9">eng</subfield><subfield code="0">(ETHUDK)000010964</subfield><subfield code="2">ethudk</subfield></datafield><datafield ind1=" " ind2="7" tag="650"><subfield code="a">SWITZERLAND (CENTRAL EUROPE). SWISS CONFEDERATION</subfield><subfield code="9">eng</subfield><subfield code="0">(ETHUDK)000004571</subfield><subfield code="2">ethudk</subfield></datafield><datafield ind1=" " ind2="7" tag="650"><subfield code="a">Internationale Schiedsgerichtsbarkeit</subfield><subfield code="0">(DE-588)4162055-0</subfield><subfield code="2">gnd</subfield></datafield><datafield ind1=" " ind2="7" tag="650"><subfield code="a">Rechtsprechung</subfield><subfield code="0">(DE-588)4115710-2</subfield><subfield code="2">gnd</subfield></datafield><datafield ind1=" " ind2="7" tag="650"><subfield code="a">internationale Schiedsgerichtsbarkeit</subfield><subfield code="9">ger</subfield><subfield code="0">(RERO)jurivoc000050724ger</subfield><subfield code="2">jurivoc</subfield></datafield><datafield ind1=" " ind2="7" tag="650"><subfield code="a">Gerichts- und Verwaltungspraxis</subfield><subfield code="9">ger</subfield><subfield code="0">(RERO)jurivoc000009624ger</subfield><subfield code="2">jurivoc</subfield></datafield><datafield ind1=" " ind2="7" tag="650"><subfield code="a">richterliche Behörde</subfield><subfield code="9">ger</subfield><subfield code="0">(RERO)jurivoc000018932ger</subfield><subfield code="2">jurivoc</subfield></datafield><datafield ind1=" " ind2="7" tag="650"><subfield code="a">kantonale Behörde</subfield><subfield code="9">ger</subfield><subfield code="0">(RERO)jurivoc000012350ger</subfield><subfield code="2">jurivoc</subfield></datafield><datafield ind1=" " ind2="7" tag="650"><subfield code="a">oberstes Gericht</subfield><subfield code="9">ger</subfield><subfield code="0">(RERO)jurivoc000016213ger</subfield><subfield code="2">jurivoc</subfield></datafield><datafield ind1=" " ind2="7" tag="650"><subfield code="a">Bundesgericht</subfield><subfield code="9">ger</subfield><subfield code="0">(RERO)jurivoc000004684ger</subfield><subfield code="2">jurivoc</subfield></datafield><datafield ind1=" " ind2="7" tag="650"><subfield code="a">internationales Privatrecht</subfield><subfield code="9">ger</subfield><subfield code="0">(RERO)jurivoc000011981ger</subfield><subfield code="2">jurivoc</subfield></datafield><datafield ind1=" " ind2="7" tag="650"><subfield code="a">Bundesgesetz über das internationale Privatrecht</subfield><subfield code="9">ger</subfield><subfield code="0">(RERO)jurivoc000004729ger</subfield><subfield code="2">jurivoc</subfield></datafield><datafield ind1=" " ind2="7" tag="650"><subfield code="a">Droit international privé</subfield><subfield code="0">(IDREF)02747433X</subfield><subfield code="2">idref</subfield></datafield><datafield ind1=" " ind2="7" tag="650"><subfield code="a">Arbitrage commercial international</subfield><subfield code="0">(IDREF)027689123</subfield><subfield code="2">idref</subfield></datafield><datafield ind1=" " ind2="7" tag="650"><subfield code="a">Jurisprudence</subfield><subfield code="0">(IDREF)02847094X</subfield><subfield code="2">idref</subfield></datafield><datafield ind1=" " ind2="7" tag="651"><subfield code="a">Schweiz</subfield><subfield code="0">(DE-588)4053881-3</subfield><subfield code="2">gnd</subfield></datafield><datafield ind1=" " ind2="7" tag="651"><subfield code="a">Schweiz</subfield><subfield code="9">ger</subfield><subfield code="0">(RERO)jurivoc000019912ger</subfield><subfield code="2">jurivoc</subfield></datafield><datafield ind1=" " ind2="7" tag="651"><subfield code="a">Suisse</subfield><subfield code="0">(IDREF)027249654</subfield><subfield code="2">idref</subfield></datafield><datafield ind1=" " ind2="7" tag="655"><subfield code="a">Entscheidungssammlung</subfield><subfield code="2">gnd-content</subfield></datafield><datafield ind1=" " ind2="7" tag="655"><subfield code="a">Entscheidsammlung</subfield><subfield code="9">ger</subfield><subfield code="2">jurivoc</subfield><subfield code="0">(RERO)jurivoc000006982ger</subfield></datafield><datafield ind1=" " ind2="7" tag="655"><subfield code="a">Textreproduktion</subfield><subfield code="9">ger</subfield><subfield code="2">jurivoc</subfield><subfield code="0">(RERO)jurivoc000022433ger</subfield></datafield><datafield ind1=" " ind2="7" tag="655"><subfield code="a">Manuels d'enseignement supérieur</subfield><subfield code="0">(IDREF)03020934X</subfield><subfield code="2">idref</subfield></datafield><datafield ind1=" " ind2=" " tag="690"><subfield code="a">Landesgericht; Vertrag; Gerichtsstand; Bundesgerichtshof; Insolvenzrecht; Garantie; Wettbewerbsrecht; Justiz; Kündigung; Testament; internationale Schiedsgerichtsbarkeit; Arbitration; Prinzip; Schlichtung; Gesetz; Sanktion; Datenschutz; Entscheidung; Artikel; Antrag; Regel; Beweis; Auslegung; Berufung; Verfassung; Gutachten</subfield><subfield code="2">idssg-J</subfield></datafield><datafield ind1=" " ind2=" " tag="690"><subfield code="a">Schiedsvereinbarung; Hauptvertrag; Anhörungsrecht; Anfechtungsverfahren; Schiedsvertrag; Rechtsregel; Gleichbehandlung; Verfahrensanweisung; Abhilfemaßnahme; Auslegungsregel; Ausschlussvertrag; Betreibungsverfahren; Beweisrecht; Bundesantrag; Herausforderungsverfahren; Luganokonvention; Parteienvereinbarung; Romvertrag; Schiedsantrag; Schiedsregel; Spielregel; Sportrecht; Vertragsanspruch; Berufungsentscheidung; Ernennungsentscheidung; Expertenmeinung; Hauptabkürzung; Kontrollbefugnis; Leistungsbeschreibung; Nachprüfungsbefugnis; Nichterfüllung; Preiskorrektur; Prüfungsbefugnis; Staatsgericht; Verfahrensleugnung; Verfahrensordnung; Vergleichsverhandlung; Vertragspartei; Anspruchsgrund; Beweisaufnahme; Beweisentscheidung; Hme; Kantonsgericht; Korrekturauszeichnung; Kostenvorschuss; Nichtzahlung; Rechtshilfe; Rechtsverteidigung; Briefwechsel; Endauszeichnung; Gültigkeitsfrage; Prüfungsumfang; Pseudoschiedsgericht; Sachfrage; Stilllegungsmöglichkeit; Teilpreis; Unternehmensgruppe; Unterschrift; Vertragsgruppe; Zivilsache; Zusatzpreis; Anstellungsbehörde; Anwendungsbereich; Begründungspflicht; Bundesmittel; Drittstaat; Einzelfall; Einzelschiedsrichter; Ermessensspielraum; Geschäftssitz; Informationspflicht; Interessenkonflikt; Investitionsschiedsgerichtsbarkeit; Lehrassistent; Minimaler; Nichtunterzeichner; Ratschlag; Rechtskraft; Rechtsnatur; Rechtzeitigkeit; Repräsentationsmacht; Sachverständigenfeststellung; Schiedsgerichtskammer; Schiedsgutachterfeststellung; Sitzplatz; Sportschiedsgerichtsbarkeit; Tatsachenfeststellung; Teilnahme; Unternehmensschleier; Verfahrensfehler; Verfahrenspflicht; Verfahrensschritt; Wohnsitz; Zuständigkeitsvoraussetzung; Zwangsgewalt</subfield><subfield code="2">idssg-J</subfield></datafield><datafield ind1=" " ind2=" " tag="690"><subfield code="a">anderer Vertrag; aufgeworfene Beschwerde; ausreichende Vertretung; diskriminierende Maßnahme; ernannter Schiedsrichter; grundlegende Anforderung; grundlegendes Element; neue Tatsache; prozedurale Ordnung; rechtliches Interesse; rechtlicher Wert; relevante Information; sachlicher Anspruch; spezifische Referenz; spezifische Schiedsstelle; subjektive Unparteilichkeit; unterschiedliche Grundlage; unterschiedliche Institution; unzureichender Grund; vorzeitige Unterzeichnung; weiterer Briefwechsel; zuständiges Gericht; zusätzliche Berufungsunterlage; zweiter Briefwechsel; zwingende Vorschrift; absolute Nichtigkeit; abweichende Meinung; allgemeine Verfahrenspflicht; allgemeine Zulässigkeit; alternative Auslegungsregel; anderer Bereich; andere Bestimmung; angefochtene Entscheidung; anwendbare Verfahrensregel; ausdrückliche Bezugnahme; außergewöhnlicher Charakter; bedingte Beschwerde; begründete Beschwerde; bekanntes Faktum; berechtigter Zweifel; berücksichtigender Faktor; besondere Bezugnahme; bestimmter Grund; bloßer Verweis; breite Interpretation; direkte Beschwerde; direkte Bestimmung; direktes Rechtsmittel; direkte Verletzung; doppelt Exequatur; doppelter Briefwechsel; doppelter Gerichtsstand; ehemalig SOFJ; eigene Gerichtsbarkeit; eindeutiger Hinweis; eindeutiger Verstoß; einfache Bedeutung; eingeschränkter Aufgabenbereich; einseitige Schiedsvereinbarung; einstellener Antrag; endgültige Entscheidung; entscheidende Information; entscheidende Tatsache; ergänzende Berufungsunterlage; erlangte Auszeichnung; ernannte Person; erschöpfende Liste; erworbener Beweis; etablierter Umstand; europäischer Gerichtshof; falsche Ablehnung; falsche Annahme; falsche Feststellung; falsches Schiedsverfahren; falsche Tatsachenfeststellung; falsche Verfassung; falsche Zusammensetzung; fehlende Entscheidung; fehlender Grund; fehlende Unterzeichnung; fehlerhafte Annahme; fehlerhafte Entscheidung</subfield><subfield code="2">idssg-J</subfield></datafield><datafield ind1=" " ind2=" " tag="690"><subfield code="a">; fehlerhafter Gerichtsstand; fehlerhafte Verfassung; fehlerhafte Überlegung; finanzielles Interesse; formale Anforderung; freie Bewertung; freie Nachprüfungsbefugnis; frühes Argument; früher Beweis; frühe Fassung; früher Verfahrensschritt; früher Zeitpunkt; förmliche Beweisentscheidung; gegenwärtiges Interesse; generischer Verzicht; genfer Konvention; genfer Protokoll; gerichtliche Kontrolle; gerichtliche Verteidigung; gerichtliche Zuständigkeit; gesamte Anhörung; gesamtes Schiedsgericht; gesetzliche Bestimmung; gesetzliche Vertretung; gesetzliche Vorschrift; gewählte Rechtsregel; globale Referenz; grundlegendes Prinzip; guter Glaube; hohe Gewalt; implizite Gerichtsstandsentscheidung; implizite Handlung; indirekter Verzicht; internationales Privatrecht; internationales Schiedsverfahren; internationaler Vertrag; juristische Fakultät; kantonaler Antrag; kantonale Entscheidung; kantonales Gericht; kantonales Heilmittel; klarer Ausdruck; konfiszierende Maßnahme; kontroverses Verfahren; korrekte Auszeichnung; korrekte Einreichung; lieferndes Dokument; mangelnde Schiedsgerichtsbarkeit; mangelnde Unabhängigkeit; manifestierte Unachtsamkeit; materieller Anwendungsbereich; materielle Geltung; materieller Geltungsbereich; mehrdeutige Klausel; minimale Pflicht; minimale Streitmenge; modernes Kommunikationsmittel; moralischer Wert; mündliche Auseinandersetzung; mündliche Verhandlung; nachträgliche Ergänzung; nachträgliche Schiedsvereinbarung; natürliche Person; negative Ernennungsentscheidung; negatives Interim; neuer Beweis; neues Faktum; neue Prüfung; neue Tatsache; objektive Unparteilichkeit; objektive Basis; objektive Interpretation; obligatorische Norm; ordnungsgemäße Mitteilung; pathologische Klausel; persönlicher Geltungsbereich; persönliches Interesse; positive Berufungsentscheidung; praktischer Ratschlag; privates Gutachten; private Körperschaft; präsidierender Schiedsr</subfield><subfield code="2">idssg-J</subfield></datafield><datafield ind1=" " ind2=" " tag="690"><subfield code="a">ichter; rechtliche Anhörung; rechtlicher Anspruch; rechtliches Argument; rechtliche Grundlage; relevantes Faktum; relevantes Problem; restriktiver Geltungsbereich; restriktive Interpretation; restriktiver Zweck; schiedsgerichtliches Gutachten; schiedsgerichtliche Sachverständigenfeststellung; schiedsgerichtliches Thema; schiedsrichterliche Institution; schiedsrichterliches Problem; schriftlicher Briefwechsel; schriftliche Erklärung; schriftlicher Schriftsatz; schriftliche Vereinbarung; schutzwürdiges Interesse; schutzwürdiges Rechtsinteresse; schweizer Rechtsprechung; schweizerisches Gericht; schweizerisches Gesetz; sofortige Kommunikation; sonstiger Ablehnungsgrund; spezifische Sanktion; staatliches Gerichtsverfahren; staatliche Rechtshilfe; stellvertretender Präsident; stillschweigender Verzicht; strenge Überprüfung; ständige Schiedsstelle; subjektive Interpretation; subsidiäre Haftung; supranationales System; technisches Element; teilnehmende Partei; teilweise Auszeichnung; unangemessene Lösung; unbekannter Beweis; unbekannte Tatsache; uneingeschränkte Kontrollbefugnis; ungenaue Bezeichnung; ungerechtfertigte Anreicherung; unklare Streitbeilegungsklausel; unmögliche Schiedsvereinbarung; unsicherer Sitz; unvollständige Auszeichnung; unvorhersehbare Rechtsgrundlage; unzureichende Begründung; verbindliches Zeichen; vereinbarte Anforderung; verfassungsrechtliche Anforderung; vertragliches Recht; volle Überprüfungsbefugnis; vollständiger Grund; vollständige Liste; voraussichtliche Bewertung; vorgerichtliche Mediation; vorherige Teilnahme; vorläufiger Beschluss; vorläufige Entscheidung; vorläufige Maßnahme; vorläufiger Preis; vorläufiger Schiedsspruch; vorläufige Schlichtung; vorläufige Vermittlung; weitere Prüfung; weiteres Vorgehen; wesentlicher Beweis; wesentlicher Geltungsbereich; wesentliche Tatsache; widersprüchlicher Preis; willkürliche Beurteilung; wörtliche Bede</subfield><subfield code="2">idssg-J</subfield></datafield><datafield ind1=" " ind2=" " tag="690"><subfield code="a">utung; zeitliche Gültigkeit; zulässiges Gebet; zusammenfassende Prüfung; zuständige Behörde; zuständiges Kantonsgericht; zweiter Briefingaustausch; zwingende Begründungspflicht; zwingende Bestimmung; öffentliche Anhörung; öffentliche Ordnung; öffentliche Veröffentlichung; öffentliche Willkür; überarbeitete Auflage; übermittelndes Dokument; übermäßiger Schadensersatzanspruch</subfield><subfield code="2">idssg-J</subfield></datafield><datafield ind1=" " ind2=" " tag="690"><subfield code="a">Schweiz C4EXSI; Vereinigte Staaten C1USA; China C9CHIN; Frankreich C4EUFR; Italien C4EUIT; Großbritannien C4EUUK</subfield><subfield code="2">idssg-J</subfield></datafield><datafield ind1=" " ind2=" " tag="690"><subfield code="a">Anhörungsrecht Adversarial Proceedings; Arbitrability Issue; Artikel Artikel Artikel Artikel; Ausnahme Implizite Gerichtsstandsentscheidung; Basis Etablierte Umstände; Binding Award; Columbia FCIArb Clare Hall College; Einzelfall Artikel Artikel; falsch Schiedsverfahren Id.; Favorem Validitatis; Foreign Arbitral Awards; General Geschäftsbedingungen; Grundsatz Uneingeschränkte Kontrollbefugnisse; international Schiedsgerichtsbarkeit Artikel; Lato Sensu; Le Inexistence of; Lex Mitior; Minor Violation; negativ Interim Award; Non sunt probanda; Rechtsanwalt Lehrassistent; Res Judicata; Sabrina Pearson; Schiedsverfahren Christoph Müller Professor; Substantiv Public Policy; Universität Neuchatel Rechtsanwalt; Universität Neuchatel Schweizer Rechtsprechung; Zuständigkeit Artikel Artikel</subfield><subfield code="2">idssg-J</subfield></datafield><datafield ind1=" " ind2=" " tag="691"><subfield code="e">PC 29.1 CH</subfield><subfield code="2">rzs-L1</subfield></datafield><datafield ind1="1" ind2=" " tag="700"><subfield code="a">Pearson, Sabrina</subfield><subfield code="0">(RERO)A025933829</subfield><subfield code="4">aut</subfield></datafield><datafield ind1="4" ind2=" " tag="856"><subfield code="3">Titelblatt und Inhaltsverzeichnis</subfield><subfield code="u">https://toc.library.ethz.ch/objects/pdf03/z01_3-7255-8710-8_01.pdf</subfield><subfield code="q">pdf</subfield></datafield><datafield ind1=" " ind2=" " tag="900"><subfield code="a">Stoppsignal FRED</subfield></datafield><datafield ind1=" " ind2=" " tag="900"><subfield code="a">IDSZ2rwimon201909p</subfield><subfield code="c">IDSZ2rosi 190924</subfield><subfield code="d">IDSZ2rwiswk201909b</subfield><subfield code="e">IDSZ2cont</subfield></datafield><datafield ind1=" " ind2=" " tag="900"><subfield code="d">IDSZ2zbzswk201910g</subfield><subfield code="e">IDSZ2bruu</subfield></datafield><datafield ind1=" " ind2=" " tag="949"><subfield code="a">https://toc.library.ethz.ch/objects/pdf03/z01_3-7255-8710-8_01.pdf</subfield></datafield></record>
</metadata></record>