<record><header><identifier>oai:alma.41SLSP_UGE:991000776559705502</identifier><datestamp>2023-03-01T01:10:07Z</datestamp><setSpec>uge_bcen_RapidILL_BOOK</setSpec><setSpec>uge_aaca_RapidILL_BOOK</setSpec><setSpec>uge_abels_RapidILL_BOOK</setSpec><setSpec>uge_dbu_RapidILL_BOOK</setSpec><setSpec>uge_cmu_RapidILL_BOOK</setSpec><setSpec>uge_mail_RapidILL_BOOK</setSpec><setSpec>UNIGE_ALL</setSpec><setSpec>uge_abbat_RapidILL_BOOK</setSpec><setSpec>uge_aobs_RapidILL_BOOK</setSpec><setSpec>uge_acar_RapidILL_BOOK</setSpec></header><metadata>
<record xmlns="http://www.loc.gov/MARC21/slim" xmlns:xsi="http://www.w3.org/2001/XMLSchema-instance" xsi:schemaLocation="http://www.loc.gov/MARC21/slim http://www.loc.gov/standards/marcxml/schema/MARC21slim.xsd"><leader>02457nam a2200361 c 4500</leader><controlfield tag="001">991000776559705502</controlfield><controlfield tag="005">20201227141204.0</controlfield><controlfield tag="008">000906s1997    sz ||||| m||| 00| ||fre d</controlfield><datafield ind1=" " ind2=" " tag="019"><subfield code="a">Cette notice décrit l'exemplaire de thèse.</subfield><subfield code="5">RERO/geudbu/06.1998</subfield></datafield><datafield ind1=" " ind2=" " tag="035"><subfield code="a">(swissbib)093348207-41slsp_network</subfield></datafield><datafield ind1=" " ind2=" " tag="035"><subfield code="a">093348207</subfield><subfield code="9">ExL</subfield></datafield><datafield ind1=" " ind2=" " tag="035"><subfield code="a">(RERO)R231846760-41slsp</subfield></datafield><datafield ind1=" " ind2=" " tag="035"><subfield code="a">(EXLNZ-41SLSP_NETWORK)991125097699705501</subfield></datafield><datafield ind1=" " ind2=" " tag="040"><subfield code="a">RERO geudbu</subfield><subfield code="d">CH-ZuSLS</subfield></datafield><datafield ind1=" " ind2=" " tag="044"><subfield code="a">sz</subfield><subfield code="c">ch-ge</subfield></datafield><datafield ind1=" " ind2="7" tag="072"><subfield code="a">pa</subfield><subfield code="2">rero</subfield></datafield><datafield ind1="1" ind2=" " tag="100"><subfield code="a">Nayeri, Sepideh</subfield><subfield code="0">(RERO)A003632745</subfield><subfield code="4">cre</subfield></datafield><datafield ind1="1" ind2="0" tag="245"><subfield code="a">Etude des interactions du 1[α],25-dihydroxyvitamine D₃ et de ses analogues avec leur récepteur nucléaire, le VDR, par la digestion protéolytique limitée</subfield><subfield code="c">Sepideh Nayeri Sadeghipour</subfield></datafield><datafield ind1=" " ind2="1" tag="264"><subfield code="a">Genève</subfield><subfield code="b">[éditeur non identifié]</subfield><subfield code="c">1997</subfield></datafield><datafield ind1=" " ind2="3" tag="264"><subfield code="a">Genève</subfield><subfield code="b">Atelier de reprod. de la Section de physique</subfield></datafield><datafield ind1=" " ind2=" " tag="300"><subfield code="a">142 p.</subfield><subfield code="b">ill.</subfield><subfield code="c">30 cm</subfield></datafield><datafield ind1=" " ind2=" " tag="336"><subfield code="b">txt</subfield><subfield code="2">rdacontent</subfield></datafield><datafield ind1=" " ind2=" " tag="337"><subfield code="b">n</subfield><subfield code="2">rdamedia</subfield></datafield><datafield ind1=" " ind2=" " tag="338"><subfield code="b">nc</subfield><subfield code="2">rdacarrier</subfield></datafield><datafield ind1=" " ind2=" " tag="502"><subfield code="a">Th. pharm. Genève, 1997 ; Sc. 2960</subfield></datafield><datafield ind1=" " ind2=" " tag="508"><subfield code="a">Directeurs de thèse: Professeur Jean-Hilaire Saurat, Docteur Carsten Carlberg</subfield></datafield><datafield ind1="8" ind2=" " tag="520"><subfield code="a">La forme biologiquement active de la vitamine D₃est le 1α,25-dihydroxyvitamine de D₃ (VD). Le récepteur de la vitamine D (VDR) est un des membres de la superfamille des récepteurs nucléaires.</subfield><subfield code="5">RERO/geudbu/06.1998</subfield></datafield><datafield ind1="8" ind2=" " tag="520"><subfield code="a">Ces récepteurs, une fois activés par leurs ligands respectifs, se lient à des séquences spécifiques de l'ADN dans la région promotrice de leurs gènes cibles et régulent ainsi leur transcription.</subfield><subfield code="5">RERO/geudbu/06.1998</subfield></datafield><datafield ind1="8" ind2=" " tag="520"><subfield code="a">La digestion protéolytique limitée (LPD) est un des outils d'analyse des interactions récepteur nucléaire-ligand.</subfield><subfield code="5">RERO/geudbu/06.1998</subfield></datafield><datafield ind1="8" ind2=" " tag="520"><subfield code="a">Cette méthode purement qualitative à la base, a été transformée en une méthode quantitative d'étude des interactions du VD et de ses analogues avec différentes conformations fonctionnelles du VDR.</subfield><subfield code="5">RERO/geudbu/06.1998</subfield></datafield><datafield ind1="8" ind2=" " tag="520"><subfield code="a">La stabilisation des trois conformations fonctionnelles du VDR est dépendante du ligand, de la concentration du ligand et du temps. Une nouvelle valeur, la constante de dissociation fonctionnelle (K&quot;df&quot;), a été décrite.</subfield><subfield code="5">RERO/geudbu/06.1998</subfield></datafield><datafield ind1="8" ind2=" " tag="520"><subfield code="a">Cette dernière permet la comparaison des propriétés de liaison de nombreux analogues du VD au VDR.</subfield><subfield code="5">RERO/geudbu/06.1998</subfield></datafield><datafield ind1=" " ind2="2" tag="655"><subfield code="a">Academic Dissertation</subfield></datafield><datafield ind1=" " ind2=" " tag="900"><subfield code="a">REROnoselfmerge</subfield></datafield></record>
</metadata></record>