<record><header><identifier>oai:alma.41SLSP_UGE:991000776039705502</identifier><datestamp>2023-03-01T01:10:07Z</datestamp><setSpec>uge_bcen_RapidILL_BOOK</setSpec><setSpec>uge_aaca_RapidILL_BOOK</setSpec><setSpec>uge_abels_RapidILL_BOOK</setSpec><setSpec>uge_dbu_RapidILL_BOOK</setSpec><setSpec>uge_cmu_RapidILL_BOOK</setSpec><setSpec>uge_mail_RapidILL_BOOK</setSpec><setSpec>UNIGE_ALL</setSpec><setSpec>uge_abbat_RapidILL_BOOK</setSpec><setSpec>uge_aobs_RapidILL_BOOK</setSpec><setSpec>uge_acar_RapidILL_BOOK</setSpec></header><metadata>
<record xmlns="http://www.loc.gov/MARC21/slim" xmlns:xsi="http://www.w3.org/2001/XMLSchema-instance" xsi:schemaLocation="http://www.loc.gov/MARC21/slim http://www.loc.gov/standards/marcxml/schema/MARC21slim.xsd"><leader>01676nam a2200421 c 4500</leader><controlfield tag="001">991000776039705502</controlfield><controlfield tag="005">20201231115353.0</controlfield><controlfield tag="008">201011s2002    xxu||||| |||| 00| ||eng d</controlfield><datafield ind1=" " ind2=" " tag="020"><subfield code="a">1929280114</subfield><subfield code="q">cloth</subfield></datafield><datafield ind1=" " ind2=" " tag="035"><subfield code="a">(swissbib)232314616-41slsp_network</subfield></datafield><datafield ind1=" " ind2=" " tag="035"><subfield code="a">232314616</subfield><subfield code="9">ExL</subfield></datafield><datafield ind1=" " ind2=" " tag="035"><subfield code="a">(RERO)R003394631-41slsp</subfield></datafield><datafield ind1=" " ind2=" " tag="035"><subfield code="a">(NEBIS)004374969EBI01</subfield></datafield><datafield ind1=" " ind2=" " tag="035"><subfield code="a">(EXLNZ-41SLSP_NETWORK)991117691819705501</subfield></datafield><datafield ind1=" " ind2=" " tag="040"><subfield code="a">RERO geulja</subfield><subfield code="d">CH-ZuSLS</subfield></datafield><datafield ind1=" " ind2="7" tag="072"><subfield code="a">or</subfield><subfield code="2">rero</subfield></datafield><datafield ind1="0" ind2="0" tag="082"><subfield code="a">495.6/5</subfield><subfield code="2">21</subfield></datafield><datafield ind1="1" ind2=" " tag="100"><subfield code="a">Lamers, Jeroen Pieter</subfield><subfield code="d">1967-....</subfield><subfield code="0">(IDREF)055309100</subfield><subfield code="4">cre</subfield></datafield><datafield ind1="1" ind2="0" tag="245"><subfield code="a">Treatise on epistolary style</subfield><subfield code="b">João Rodriguez on the noble art of writing Japanese letters</subfield><subfield code="c">Jeroen Pieter Lamers</subfield></datafield><datafield ind1=" " ind2="1" tag="264"><subfield code="a">Ann Arbor</subfield><subfield code="b">Center for Japanese studies the University of Michigan</subfield><subfield code="c">2002</subfield></datafield><datafield ind1=" " ind2=" " tag="300"><subfield code="a">X, 103 p.</subfield><subfield code="c">24 cm</subfield></datafield><datafield ind1=" " ind2=" " tag="336"><subfield code="b">txt</subfield><subfield code="2">rdacontent</subfield></datafield><datafield ind1=" " ind2=" " tag="337"><subfield code="b">n</subfield><subfield code="2">rdamedia</subfield></datafield><datafield ind1=" " ind2=" " tag="338"><subfield code="b">nc</subfield><subfield code="2">rdacarrier</subfield></datafield><datafield ind1="1" ind2=" " tag="490"><subfield code="a">Michigan monograph in Japanese studies</subfield><subfield code="v">no. 39</subfield></datafield><datafield ind1="1" ind2="7" tag="600"><subfield code="a">Rodrigues, João</subfield><subfield code="d">1561-1633</subfield><subfield code="t">Arte da lingoa de Iapam</subfield><subfield code="0">(DE-588)4734132-4</subfield><subfield code="2">gnd</subfield></datafield><datafield ind1="1" ind2="0" tag="600"><subfield code="a">Rodrigues, João</subfield><subfield code="d">1558-1633</subfield><subfield code="t">Arte da lingoa de Iapam</subfield></datafield><datafield ind1=" " ind2="7" tag="648"><subfield code="a">Geschichte 1604</subfield><subfield code="2">gnd</subfield></datafield><datafield ind1=" " ind2="7" tag="650"><subfield code="a">Brief</subfield><subfield code="2">idszbz</subfield></datafield><datafield ind1=" " ind2="7" tag="650"><subfield code="a">Briefsteller</subfield><subfield code="2">idszbz</subfield></datafield><datafield ind1=" " ind2="7" tag="650"><subfield code="a">Japanisch</subfield><subfield code="2">idszbz</subfield></datafield><datafield ind1=" " ind2="7" tag="650"><subfield code="a">Grammatik</subfield><subfield code="0">(DE-588)4021806-5</subfield><subfield code="2">gnd</subfield></datafield><datafield ind1=" " ind2="7" tag="650"><subfield code="a">Japanisch</subfield><subfield code="0">(DE-588)4114069-2</subfield><subfield code="2">gnd</subfield></datafield><datafield ind1=" " ind2="7" tag="650"><subfield code="a">Sprache</subfield><subfield code="0">(DE-588)4056449-6</subfield><subfield code="2">gnd</subfield></datafield><datafield ind1=" " ind2="0" tag="650"><subfield code="a">Japanese language</subfield><subfield code="x">Grammar</subfield><subfield code="v">Early works to 1867</subfield></datafield><datafield ind1=" " ind2="0" tag="650"><subfield code="a">Letter writing, Japanese</subfield><subfield code="v">Early works to 1800</subfield></datafield><datafield ind1=" " ind2=" " tag="830"><subfield code="a">Michigan monograph series in Japanese studies</subfield><subfield code="v">39</subfield><subfield code="w">(NEBIS)000975935EBI01</subfield></datafield><datafield ind1=" " ind2=" " tag="900"><subfield code="a">REROnoselfmerge</subfield></datafield><datafield ind1=" " ind2=" " tag="900"><subfield code="a">IDSZ2zbzmon200401e</subfield><subfield code="c">IDSZ2sbae</subfield><subfield code="d">IDSZ2zbzswk200406b</subfield><subfield code="e">IDSZ2brua</subfield></datafield></record>
</metadata></record>