<record><header><identifier>oai:alma.41SLSP_UGE:991000776349705502</identifier><datestamp>2023-03-01T01:10:07Z</datestamp><setSpec>uge_bcen_RapidILL_BOOK</setSpec><setSpec>uge_aaca_RapidILL_BOOK</setSpec><setSpec>uge_abels_RapidILL_BOOK</setSpec><setSpec>uge_dbu_RapidILL_BOOK</setSpec><setSpec>uge_cmu_RapidILL_BOOK</setSpec><setSpec>uge_mail_RapidILL_BOOK</setSpec><setSpec>UNIGE_ALL</setSpec><setSpec>uge_abbat_RapidILL_BOOK</setSpec><setSpec>uge_aobs_RapidILL_BOOK</setSpec><setSpec>uge_acar_RapidILL_BOOK</setSpec></header><metadata>
<record xmlns="http://www.loc.gov/MARC21/slim" xmlns:xsi="http://www.w3.org/2001/XMLSchema-instance" xsi:schemaLocation="http://www.loc.gov/MARC21/slim http://www.loc.gov/standards/marcxml/schema/MARC21slim.xsd"><leader>03265nam a2200337 c 4500</leader><controlfield tag="001">991000776349705502</controlfield><controlfield tag="005">20201126044130.0</controlfield><controlfield tag="008">960525m19721973ru ||||| |||| 00| ||rus d</controlfield><datafield ind1=" " ind2=" " tag="035"><subfield code="a">(swissbib)07703841X-41slsp_network</subfield></datafield><datafield ind1=" " ind2=" " tag="035"><subfield code="a">07703841X</subfield><subfield code="9">ExL</subfield></datafield><datafield ind1=" " ind2=" " tag="035"><subfield code="a">(RERO)0104813-41slsp</subfield></datafield><datafield ind1=" " ind2=" " tag="035"><subfield code="a">(EXLNZ-41SLSP_NETWORK)991044326519705501</subfield></datafield><datafield ind1=" " ind2=" " tag="040"><subfield code="a">RERO</subfield><subfield code="d">CH-ZuSLS</subfield></datafield><datafield ind1=" " ind2="7" tag="072"><subfield code="a">ru</subfield><subfield code="2">rero</subfield></datafield><datafield ind1="1" ind2=" " tag="100"><subfield code="6">880-01</subfield><subfield code="a">Berggolʹt︠s︡, Olʹga Fedorovna</subfield><subfield code="d">1910-1975</subfield><subfield code="0">(RERO)A021790207</subfield><subfield code="4">cre</subfield></datafield><datafield ind1="1" ind2=" " tag="880"><subfield code="6">100-01/(N</subfield><subfield code="a">Берггольц, Ольга Федоровна</subfield><subfield code="d">1910-1975</subfield></datafield><datafield ind1="1" ind2="0" tag="245"><subfield code="6">880-02</subfield><subfield code="a">Sobranie sochineniĭ v trekh tomakh</subfield><subfield code="c">Olʹga Berggolʹt︠s︡</subfield></datafield><datafield ind1="1" ind2="0" tag="880"><subfield code="6">245-02/(N</subfield><subfield code="a">Собрание сочинений в трех томах</subfield><subfield code="c">Ольга Бергольц</subfield></datafield><datafield ind1="1" ind2=" " tag="246"><subfield code="a">Sobranie sočinenij v trech tomach / Olʹga Bergolʹc</subfield></datafield><datafield ind1=" " ind2="1" tag="264"><subfield code="6">880-03</subfield><subfield code="a">Leningrad</subfield><subfield code="b">Chudožestvennaja literatura</subfield><subfield code="c">1972-1973</subfield></datafield><datafield ind1=" " ind2="1" tag="880"><subfield code="6">264-03/(N</subfield><subfield code="a">Ленинград</subfield><subfield code="b">Художественная литература</subfield><subfield code="c">1972-1973</subfield></datafield><datafield ind1=" " ind2=" " tag="300"><subfield code="a">3 t.</subfield><subfield code="b">fig.</subfield><subfield code="c">18 cm</subfield></datafield><datafield ind1=" " ind2=" " tag="336"><subfield code="b">txt</subfield><subfield code="2">rdacontent</subfield></datafield><datafield ind1=" " ind2=" " tag="337"><subfield code="b">n</subfield><subfield code="2">rdamedia</subfield></datafield><datafield ind1=" " ind2=" " tag="338"><subfield code="b">nc</subfield><subfield code="2">rdacarrier</subfield></datafield><datafield ind1="0" ind2="0" tag="505"><subfield code="6">880-04</subfield><subfield code="g">T. 1:</subfield><subfield code="t">Stichotvorenija. Žurnalisty. Rasskazy dlja detej. - 1972. - 284 p</subfield></datafield><datafield ind1="0" ind2="0" tag="880"><subfield code="6">505-04/(N</subfield><subfield code="g">T. 1:</subfield><subfield code="t">Стихотворения. Журналисты. Рассказы для детей. - 1972. - 284 стр</subfield></datafield><datafield ind1="0" ind2="0" tag="505"><subfield code="6">880-05</subfield><subfield code="g">T. 2:</subfield><subfield code="t">Stichotvorenija. Govorit Leningrad. Vernostʹ. - 1973. - 463 p</subfield></datafield><datafield ind1="0" ind2="0" tag="880"><subfield code="6">505-05/(N</subfield><subfield code="g">T. 2:</subfield><subfield code="t">Стихотворения. Говорит Ленинград. Верность. - 1973. - 463 стр</subfield></datafield><datafield ind1="0" ind2="0" tag="505"><subfield code="6">880-06</subfield><subfield code="g">T. 3:</subfield><subfield code="t">Stichotvorenija. Pervorossijsk. Dnevnye zvezdy. Statʹi. - 1973. - 390 p</subfield></datafield><datafield ind1="0" ind2="0" tag="880"><subfield code="6">505-06/(N</subfield><subfield code="g">T. 3:</subfield><subfield code="t">Стихотворения. Первороссийск. Дневные звезды. Статьи. - 1973. - 390 стр</subfield></datafield><datafield ind1=" " ind2=" " tag="900"><subfield code="a">REROnoselfmerge</subfield></datafield></record>
</metadata></record>