<record><header><identifier>oai:alma.41SLSP_UGE:991000776539705502</identifier><datestamp>2023-03-01T01:10:07Z</datestamp><setSpec>uge_bcen_RapidILL_BOOK</setSpec><setSpec>uge_aaca_RapidILL_BOOK</setSpec><setSpec>uge_abels_RapidILL_BOOK</setSpec><setSpec>uge_dbu_RapidILL_BOOK</setSpec><setSpec>uge_cmu_RapidILL_BOOK</setSpec><setSpec>uge_mail_RapidILL_BOOK</setSpec><setSpec>UNIGE_ALL</setSpec><setSpec>uge_abbat_RapidILL_BOOK</setSpec><setSpec>uge_aobs_RapidILL_BOOK</setSpec><setSpec>uge_acar_RapidILL_BOOK</setSpec></header><metadata>
<record xmlns="http://www.loc.gov/MARC21/slim" xmlns:xsi="http://www.w3.org/2001/XMLSchema-instance" xsi:schemaLocation="http://www.loc.gov/MARC21/slim http://www.loc.gov/standards/marcxml/schema/MARC21slim.xsd"><leader>00924nam a2200301 c 4500</leader><controlfield tag="001">991000776539705502</controlfield><controlfield tag="005">20210206210904.0</controlfield><controlfield tag="008">150324s2008    sp ||||| |||| 00| ||spa d</controlfield><datafield ind1=" " ind2=" " tag="020"><subfield code="a">9788475226774</subfield></datafield><datafield ind1=" " ind2=" " tag="035"><subfield code="a">(swissbib)121371603-41slsp_network</subfield></datafield><datafield ind1=" " ind2=" " tag="035"><subfield code="a">121371603</subfield><subfield code="9">ExL</subfield></datafield><datafield ind1=" " ind2=" " tag="035"><subfield code="a">(RERO)R008103757-41slsp</subfield></datafield><datafield ind1=" " ind2=" " tag="035"><subfield code="a">(EXLNZ-41SLSP_NETWORK)991038814059705501</subfield></datafield><datafield ind1=" " ind2=" " tag="040"><subfield code="a">SpMaBN</subfield><subfield code="d">CH-ZuSLS</subfield></datafield><datafield ind1=" " ind2="7" tag="072"><subfield code="a">zz</subfield><subfield code="2">rero</subfield></datafield><datafield ind1=" " ind2=" " tag="080"><subfield code="a">821.134.2-14&quot;19&quot;</subfield></datafield><datafield ind1="1" ind2=" " tag="100"><subfield code="a">Rodríguez Moya, Daniel</subfield><subfield code="0">(IDREF)144515784</subfield><subfield code="4">cre</subfield></datafield><datafield ind1="1" ind2="0" tag="245"><subfield code="a">Cambio de planes</subfield><subfield code="c">Daniel Rodríguez Moya</subfield></datafield><datafield ind1=" " ind2="1" tag="264"><subfield code="a">Madrid</subfield><subfield code="b">Visor Libros</subfield><subfield code="c">[2008]</subfield></datafield><datafield ind1=" " ind2=" " tag="300"><subfield code="a">58 p.</subfield><subfield code="c">20 cm</subfield></datafield><datafield ind1=" " ind2=" " tag="336"><subfield code="b">txt</subfield><subfield code="2">rdacontent</subfield></datafield><datafield ind1=" " ind2=" " tag="337"><subfield code="b">n</subfield><subfield code="2">rdamedia</subfield></datafield><datafield ind1=" " ind2=" " tag="338"><subfield code="b">nc</subfield><subfield code="2">rdacarrier</subfield></datafield><datafield ind1="1" ind2=" " tag="490"><subfield code="a">Colección Visor de poesía</subfield><subfield code="v">v. 667</subfield></datafield><datafield ind1=" " ind2=" " tag="500"><subfield code="a">&quot;VI Premio Vicente Núñez&quot;</subfield></datafield><datafield ind1=" " ind2=" " tag="500"><subfield code="a">Le dos porte: 777</subfield></datafield><datafield ind1=" " ind2="0" tag="830"><subfield code="a">Colección Visor de poesía</subfield><subfield code="v">667</subfield><subfield code="w">(RERO)0348399-41slsp</subfield></datafield><datafield ind1=" " ind2=" " tag="900"><subfield code="a">REROnoselfmerge</subfield></datafield><datafield ind1=" " ind2=" " tag="910"><subfield code="a">BNE</subfield><subfield code="b">20150324</subfield></datafield><datafield ind1=" " ind2=" " tag="993"><subfield code="a">BFLA 260959</subfield><subfield code="x">ge/ules/a/11/91</subfield><subfield code="9">LOCAL</subfield></datafield></record>
</metadata></record>