<record><header><identifier>oai:alma.41SLSP_UGE:991000776229705502</identifier><datestamp>2024-06-16T00:12:33Z</datestamp><setSpec>uge_bcen_RapidILL_BOOK</setSpec><setSpec>uge_aaca_RapidILL_BOOK</setSpec><setSpec>uge_abels_RapidILL_BOOK</setSpec><setSpec>uge_dbu_RapidILL_BOOK</setSpec><setSpec>uge_cmu_RapidILL_BOOK</setSpec><setSpec>uge_mail_RapidILL_BOOK</setSpec><setSpec>uge_abbat_RapidILL_BOOK</setSpec><setSpec>UNIGE_ALL</setSpec><setSpec>uge_aobs_RapidILL_BOOK</setSpec><setSpec>uge_acar_RapidILL_BOOK</setSpec></header><metadata>
<record xmlns="http://www.loc.gov/MARC21/slim" xmlns:xsi="http://www.w3.org/2001/XMLSchema-instance" xsi:schemaLocation="http://www.loc.gov/MARC21/slim http://www.loc.gov/standards/marcxml/schema/MARC21slim.xsd"><leader>01761nam a2200373 c 4500</leader><controlfield tag="001">991000776229705502</controlfield><controlfield tag="005">20230305072150.0</controlfield><controlfield tag="007">h| ||||||||||</controlfield><controlfield tag="008">020424r19801561fr |||||b|||| 00| ||fre d</controlfield><datafield ind1=" " ind2=" " tag="035"><subfield code="a">(swissbib)097749540-41slsp_network</subfield></datafield><datafield ind1=" " ind2=" " tag="035"><subfield code="a">097749540</subfield><subfield code="9">ExL</subfield></datafield><datafield ind1=" " ind2=" " tag="035"><subfield code="a">(RERO)R003181081-41slsp</subfield></datafield><datafield ind1=" " ind2=" " tag="035"><subfield code="a">(EXLNZ-41SLSP_NETWORK)991043536589705501</subfield></datafield><datafield ind1=" " ind2=" " tag="040"><subfield code="a">RERO geuchr</subfield><subfield code="d">CH-ZuSLS</subfield></datafield><datafield ind1=" " ind2="7" tag="072"><subfield code="a">th</subfield><subfield code="2">rero</subfield></datafield><datafield ind1="1" ind2=" " tag="100"><subfield code="a">Bade, Conrad</subfield><subfield code="d">1520-1562</subfield><subfield code="0">(IDREF)031108253</subfield><subfield code="4">cre</subfield></datafield><datafield ind1="1" ind2="0" tag="245"><subfield code="a">Comédie du pape malade et tirant à la fin</subfield><subfield code="b">où ses regrets, et complaintes sont au vif exprimées, et les entreprises et machinations qu'il fait avec Satan et ses suppots pour maintenir son siège apostatique, et empescher le cours de l'Evangile sont cathégoriquement descouvertes</subfield><subfield code="c">traduite du vulgaire Arabic en bon Roman et intelligible par Thrasibule Phenice</subfield></datafield><datafield ind1=" " ind2="1" tag="264"><subfield code="a">Paris</subfield><subfield code="b">Bibliothèque nationale</subfield><subfield code="c">[ca 1980?]</subfield></datafield><datafield ind1=" " ind2=" " tag="300"><subfield code="a">1 microfilm</subfield><subfield code="c">35 mm</subfield></datafield><datafield ind1=" " ind2=" " tag="336"><subfield code="b">txt</subfield><subfield code="2">rdacontent</subfield></datafield><datafield ind1=" " ind2=" " tag="337"><subfield code="b">h</subfield><subfield code="2">rdamedia</subfield></datafield><datafield ind1=" " ind2=" " tag="500"><subfield code="a">Par Conrad Badius</subfield></datafield><datafield ind1=" " ind2=" " tag="500"><subfield code="a">Pièce de théâtre</subfield></datafield><datafield ind1=" " ind2=" " tag="500"><subfield code="a">Collation de l'original: 74, [5] p. ; 8°. Sig. a-e⁸</subfield></datafield><datafield ind1=" " ind2=" " tag="500"><subfield code="a">Repord. de l'ex. Rés. Yf. 4120 de la BN(Paris)</subfield></datafield><datafield ind1="3" ind2=" " tag="510"><subfield code="a">La comédie à l'époque d'Henri II et de Charles IX, série 1, vol. 7 (1995), p. 188</subfield></datafield><datafield ind1=" " ind2=" " tag="534"><subfield code="p">Reprod. sur microfilm de l'éd. de:</subfield><subfield code="c">A Rouen [i.e. Genève?] : [s.n.], 1561</subfield></datafield><datafield ind1=" " ind2="7" tag="650"><subfield code="a">Polémique</subfield><subfield code="0">(IDREF)050572504</subfield><subfield code="2">idref</subfield></datafield><datafield ind1=" " ind2="7" tag="650"><subfield code="a">Catholiques</subfield><subfield code="0">(IDREF)027266370</subfield><subfield code="2">idref</subfield></datafield><datafield ind1=" " ind2="7" tag="650"><subfield code="a">Protestants</subfield><subfield code="0">(IDREF)02726730X</subfield><subfield code="2">idref</subfield></datafield><datafield ind1=" " ind2="7" tag="650"><subfield code="a">Papes</subfield><subfield code="0">(IDREF)027793710</subfield><subfield code="2">idref</subfield></datafield><datafield ind1=" " ind2="7" tag="655"><subfield code="a">[document]</subfield><subfield code="2">rerovoc</subfield><subfield code="0">(RERO)A010182398</subfield></datafield><datafield ind1=" " ind2=" " tag="751"><subfield code="a">Rouen (Seine-Maritime)</subfield><subfield code="4">pup</subfield><subfield code="0">(IDREF)027252515</subfield></datafield><datafield ind1=" " ind2=" " tag="751"><subfield code="a">Genève (Genève, Suisse)</subfield><subfield code="4">pup</subfield><subfield code="0">(IDREF)02726453X</subfield></datafield><datafield ind1=" " ind2=" " tag="900"><subfield code="a">REROnoselfmerge</subfield></datafield><datafield ind1=" " ind2=" " tag="993"><subfield code="a">IHR FILM 417</subfield><subfield code="x">ge/uihr/3550</subfield><subfield code="9">LOCAL</subfield></datafield></record>
</metadata></record>