<record><header><identifier>oai:alma.41SLSP_UGE:991000776129705502</identifier><datestamp>2023-11-08T01:52:12Z</datestamp><setSpec>uge_bcen_RapidILL_BOOK</setSpec><setSpec>uge_aaca_RapidILL_BOOK</setSpec><setSpec>uge_abels_RapidILL_BOOK</setSpec><setSpec>uge_dbu_RapidILL_BOOK</setSpec><setSpec>uge_cmu_RapidILL_BOOK</setSpec><setSpec>uge_mail_RapidILL_BOOK</setSpec><setSpec>UNIGE_ALL</setSpec><setSpec>uge_abbat_RapidILL_BOOK</setSpec><setSpec>uge_aobs_RapidILL_BOOK</setSpec><setSpec>uge_acar_RapidILL_BOOK</setSpec></header><metadata>
<record xmlns="http://www.loc.gov/MARC21/slim" xmlns:xsi="http://www.w3.org/2001/XMLSchema-instance" xsi:schemaLocation="http://www.loc.gov/MARC21/slim http://www.loc.gov/standards/marcxml/schema/MARC21slim.xsd"><leader>01827nam a2200409uc 4500</leader><controlfield tag="001">991000776129705502</controlfield><controlfield tag="005">20201227170638.0</controlfield><controlfield tag="008">200825m19999999ja a     6    000 | jpn d</controlfield><datafield ind1=" " ind2=" " tag="020"><subfield code="a">4063286193</subfield><subfield code="q">v. 1</subfield></datafield><datafield ind1=" " ind2=" " tag="035"><subfield code="a">(swissbib)126686599-41slsp_network</subfield></datafield><datafield ind1=" " ind2=" " tag="035"><subfield code="a">126686599</subfield><subfield code="9">ExL</subfield></datafield><datafield ind1=" " ind2=" " tag="035"><subfield code="a">(RERO)R009071717-41slsp</subfield></datafield><datafield ind1=" " ind2=" " tag="035"><subfield code="a">(EXLNZ-41SLSP_NETWORK)991143401819705501</subfield></datafield><datafield ind1=" " ind2=" " tag="040"><subfield code="a">EEM</subfield><subfield code="b">eng</subfield><subfield code="d">CH-ZuSLS</subfield></datafield><datafield ind1="1" ind2="4" tag="050"><subfield code="a">PN6790.J33</subfield><subfield code="b">I55 B3 1999</subfield></datafield><datafield ind1=" " ind2="7" tag="072"><subfield code="a">or</subfield><subfield code="2">rero</subfield></datafield><datafield ind1="1" ind2=" " tag="100"><subfield code="6">880-01</subfield><subfield code="a">Inoue, Takehiko</subfield><subfield code="d">1967-....</subfield><subfield code="0">(IDREF)050393472</subfield><subfield code="4">cre</subfield></datafield><datafield ind1="1" ind2=" " tag="880"><subfield code="6">100-01/$1</subfield><subfield code="a">井上雄彦</subfield><subfield code="d">1967-</subfield><subfield code="4">cre</subfield></datafield><datafield ind1="1" ind2="0" tag="245"><subfield code="6">880-02</subfield><subfield code="a">Bagabondo</subfield><subfield code="c">Inoue Takehiko ; gensaku Yoshikawa Eiji = Vagabond / by Inoue Takehiko</subfield></datafield><datafield ind1="1" ind2="0" tag="880"><subfield code="6">245-02/$1</subfield><subfield code="a">バガボンド / 井上雄彦</subfield><subfield code="b">原作吉川英治 = Vagabond</subfield><subfield code="c">by Inoue Takehiko</subfield></datafield><datafield ind1="1" ind2=" " tag="246"><subfield code="a">Vagabond</subfield></datafield><datafield ind1=" " ind2="1" tag="264"><subfield code="6">880-03</subfield><subfield code="a">Tōkyō</subfield><subfield code="b">Kōdansha</subfield><subfield code="c">1999-</subfield></datafield><datafield ind1=" " ind2="1" tag="880"><subfield code="6">264-03/$1</subfield><subfield code="a">東京</subfield><subfield code="b">講談社</subfield><subfield code="c">1999-</subfield></datafield><datafield ind1=" " ind2=" " tag="300"><subfield code="a">v.</subfield><subfield code="b">ill.</subfield><subfield code="c">18 cm</subfield></datafield><datafield ind1=" " ind2=" " tag="336"><subfield code="b">txt</subfield><subfield code="2">rdacontent</subfield></datafield><datafield ind1=" " ind2=" " tag="337"><subfield code="b">n</subfield><subfield code="2">rdamedia</subfield></datafield><datafield ind1=" " ind2=" " tag="338"><subfield code="b">nc</subfield><subfield code="2">rdacarrier</subfield></datafield><datafield ind1="0" ind2=" " tag="490"><subfield code="6">880-04</subfield><subfield code="a">Mōningu KC</subfield></datafield><datafield ind1="0" ind2=" " tag="880"><subfield code="6">490-04/$1</subfield><subfield code="a">モーニング KC</subfield></datafield><datafield ind1=" " ind2=" " tag="500"><subfield code="a">Based on the book titled Miyamoto Musashi written by Yoshikawa Eiji</subfield></datafield><datafield ind1=" " ind2=" " tag="500"><subfield code="a">Cover title</subfield></datafield><datafield ind1="1" ind2="0" tag="600"><subfield code="a">Miyamoto, Musashi</subfield><subfield code="d">1584-1645</subfield><subfield code="v">Comic books, strips, etc</subfield></datafield><datafield ind1="1" ind2="0" tag="600"><subfield code="a">Yoshikawa, Eiji</subfield><subfield code="d">1892-1962.</subfield><subfield code="t">Miyamoto Musashi</subfield><subfield code="v">Comic books, strips, etc</subfield></datafield><datafield ind1=" " ind2="0" tag="650"><subfield code="a">Swordsmen</subfield><subfield code="z">Japan</subfield><subfield code="v">Comic books, strips, etc</subfield></datafield><datafield ind1="1" ind2=" " tag="700"><subfield code="6">880-05</subfield><subfield code="a">Yoshikawa, Eiji</subfield><subfield code="d">1892-1962</subfield><subfield code="0">(IDREF)027201511</subfield><subfield code="4">ctb</subfield></datafield><datafield ind1="1" ind2=" " tag="880"><subfield code="6">700-05/$1</subfield><subfield code="a">吉川英治</subfield><subfield code="d">1892-1962</subfield><subfield code="4">ctb</subfield></datafield><datafield ind1=" " ind2=" " tag="900"><subfield code="a">REROnoselfmerge</subfield></datafield><datafield ind1=" " ind2=" " tag="910"><subfield code="a">OCoLC</subfield><subfield code="b">20200825</subfield><subfield code="c">Réutilisation sous conditions: Licence ODC-BY</subfield></datafield><datafield ind1="0" ind2=" " tag="787"><subfield code="t">Mangas japonais</subfield><subfield code="w">81228253630005502</subfield><subfield code="i">Alma Collection</subfield></datafield></record>
</metadata></record>