<record><header><identifier>oai:alma.41SLSP_UGE:991000775819705502</identifier><datestamp>2024-04-11T00:17:21Z</datestamp><setSpec>uge_bcen_RapidILL_BOOK</setSpec><setSpec>uge_aaca_RapidILL_BOOK</setSpec><setSpec>uge_abels_RapidILL_BOOK</setSpec><setSpec>uge_dbu_RapidILL_BOOK</setSpec><setSpec>uge_cmu_RapidILL_BOOK</setSpec><setSpec>uge_mail_RapidILL_BOOK</setSpec><setSpec>uge_abbat_RapidILL_BOOK</setSpec><setSpec>UNIGE_ALL</setSpec><setSpec>uge_aobs_RapidILL_BOOK</setSpec><setSpec>uge_acar_RapidILL_BOOK</setSpec></header><metadata>
<record xmlns="http://www.loc.gov/MARC21/slim" xmlns:xsi="http://www.w3.org/2001/XMLSchema-instance" xsi:schemaLocation="http://www.loc.gov/MARC21/slim http://www.loc.gov/standards/marcxml/schema/MARC21slim.xsd"><leader>06553nam a2200925 c 4500</leader><controlfield tag="001">991000775819705502</controlfield><controlfield tag="005">20240410142430.0</controlfield><controlfield tag="008">201011s2016    ne ||||| |||| 10| ||eng d</controlfield><datafield ind1=" " ind2=" " tag="010"><subfield code="a">2015049882</subfield></datafield><datafield ind1=" " ind2=" " tag="020"><subfield code="z">9789004288591</subfield><subfield code="q">online-version</subfield></datafield><datafield ind1=" " ind2=" " tag="020"><subfield code="a">9789004288584</subfield><subfield code="q">hardback</subfield><subfield code="c">EUR 189.90</subfield></datafield><datafield ind1=" " ind2=" " tag="020"><subfield code="a">9004288589</subfield><subfield code="q">hardback : alk. paper</subfield></datafield><datafield ind1=" " ind2=" " tag="035"><subfield code="a">(swissbib)216612764-41slsp_network</subfield></datafield><datafield ind1=" " ind2=" " tag="035"><subfield code="a">216612764</subfield><subfield code="9">ExL</subfield></datafield><datafield ind1=" " ind2=" " tag="035"><subfield code="a">(RERO)R008391638-41slsp</subfield></datafield><datafield ind1=" " ind2=" " tag="035"><subfield code="a">(IDSSG)000858412HSB01</subfield></datafield><datafield ind1=" " ind2=" " tag="035"><subfield code="a">(IDSBB)006627603DSV01</subfield></datafield><datafield ind1=" " ind2=" " tag="035"><subfield code="a">(IDSLU)001232069ILU01</subfield></datafield><datafield ind1=" " ind2=" " tag="035"><subfield code="a">(NEBIS)010583722EBI01</subfield></datafield><datafield ind1=" " ind2=" " tag="035"><subfield code="a">(OCoLC)932175334</subfield></datafield><datafield ind1=" " ind2=" " tag="035"><subfield code="a">(EXLNZ-41SLSP_NETWORK)991086708429705501</subfield></datafield><datafield ind1=" " ind2=" " tag="040"><subfield code="a">DLC</subfield><subfield code="d">CH-ZuSLS</subfield></datafield><datafield ind1=" " ind2=" " tag="042"><subfield code="a">pcc</subfield></datafield><datafield ind1=" " ind2="0" tag="050"><subfield code="a">KZ6530</subfield><subfield code="b">.H86 2016</subfield></datafield><datafield ind1=" " ind2="7" tag="072"><subfield code="a">dr</subfield><subfield code="2">rero</subfield></datafield><datafield ind1=" " ind2="7" tag="072"><subfield code="a">rw</subfield><subfield code="2">SzZuIDS BS/BE</subfield></datafield><datafield ind1=" " ind2="7" tag="072"><subfield code="a">811</subfield><subfield code="2">IDS LU</subfield></datafield><datafield ind1=" " ind2="7" tag="072"><subfield code="a">821</subfield><subfield code="2">IDS LU</subfield></datafield><datafield ind1="0" ind2="0" tag="082"><subfield code="a">341.48/6</subfield><subfield code="2">23</subfield></datafield><datafield ind1="1" ind2="4" tag="082"><subfield code="a">340</subfield><subfield code="2">15</subfield></datafield><datafield ind1=" " ind2=" " tag="084"><subfield code="a">A 37 e</subfield><subfield code="2">cjurrom</subfield></datafield><datafield ind1=" " ind2=" " tag="084"><subfield code="a">D 17 e</subfield><subfield code="2">cjurrom</subfield></datafield><datafield ind1=" " ind2=" " tag="084"><subfield code="a">D 18 e</subfield><subfield code="2">cjurrom</subfield></datafield><datafield ind1=" " ind2=" " tag="084"><subfield code="a">MK 5040</subfield><subfield code="2">rvk</subfield></datafield><datafield ind1=" " ind2=" " tag="084"><subfield code="a">MS 3600</subfield><subfield code="2">rvk</subfield></datafield><datafield ind1=" " ind2=" " tag="084"><subfield code="a">PR 2213</subfield><subfield code="2">rvk</subfield></datafield><datafield ind1="2" ind2=" " tag="111"><subfield code="a">On the Borders of Refugee Protection? The Impact of Human Rights Law on Refugee Law - Comparative Practice and Theory</subfield><subfield code="g">Veranstaltung</subfield><subfield code="d">2013</subfield><subfield code="c">London</subfield><subfield code="0">(DE-588)1124704191</subfield></datafield><datafield ind1="1" ind2="0" tag="245"><subfield code="a">Human rights and the refugee definition</subfield><subfield code="b">comparative legal practice and theory</subfield><subfield code="c">edited by Bruce Burson and David James Cantor</subfield></datafield><datafield ind1=" " ind2="1" tag="264"><subfield code="a">Leiden</subfield><subfield code="a">Boston</subfield><subfield code="b">Brill Nijhoff</subfield><subfield code="c">[2016]</subfield></datafield><datafield ind1=" " ind2=" " tag="300"><subfield code="a">XV, 411 Seiten</subfield></datafield><datafield ind1=" " ind2=" " tag="336"><subfield code="b">txt</subfield><subfield code="2">rdacontent</subfield></datafield><datafield ind1=" " ind2=" " tag="337"><subfield code="b">n</subfield><subfield code="2">rdamedia</subfield></datafield><datafield ind1=" " ind2=" " tag="338"><subfield code="b">nc</subfield><subfield code="2">rdacarrier</subfield></datafield><datafield ind1="1" ind2=" " tag="490"><subfield code="a">International refugee law series</subfield><subfield code="v">vol. 5</subfield></datafield><datafield ind1=" " ind2=" " tag="500"><subfield code="a">Includes papers presented as a conference in November 2013.-- ECIP acknowledgments</subfield></datafield><datafield ind1=" " ind2=" " tag="504"><subfield code="a">Includes bibliographical references and index</subfield></datafield><datafield ind1="0" ind2=" " tag="505"><subfield code="a">Introduction : interpreting the refugee definition via human rights standards / Bruce Burson and David James Cantor -- Give way to the right : the evolving use of human rights in new zealand refugee status determination / Bruce Burson -- Island nation : the impact of international human rights law on australian refugee law / Linda J. Kirk -- The human rights bases of refugee protection in canada / James C. Simeon -- International human rights and us refugee law : synergies and contradictions / Deborah Anker and Josh Vittor -- International human rights and refugee law : the united kingdom / Raza Husain -- Refugee law jurisprudence from germany and human rights : cutting edge or chilling effect? / Roland Bank -- The search of the outer edges of non-refoulement in europe : exceptionality and flagrant breaches / Cathryn Costello -- Human rights in refugee protection in brazil / Liliana Lyra Jubilut, Camila Sombra Muinos de Andrade and Camila Marques Gilberto -- Economic migrant or person in need of protection? : socio-economic rights and persecution in international refugee law / Michelle Foster -- An enabling interpretation of the refugee convention : determination of refugee status in light of the convention on the -- Rights of persons with disabilities (crpd) / Andreas Dimopoulos -- The right to refugee status and the internal protection alternative : what does the law say? / Jessica Schultz and Terje Einarsen -- [en]gendering international refugee protection : are we there yet? / Heaven Crawley -- Defining refugees : persecution, surrogacy and the human rights paradigm / David James Cantor</subfield></datafield><datafield ind1=" " ind2="0" tag="650"><subfield code="a">Refugees</subfield><subfield code="x">Legal status, laws, etc</subfield><subfield code="v">Congresses</subfield></datafield><datafield ind1=" " ind2="7" tag="650"><subfield code="a">Réfugiés</subfield><subfield code="0">(IDREF)027323145</subfield><subfield code="2">idref</subfield></datafield><datafield ind1=" " ind2="7" tag="650"><subfield code="a">Droit international et droit interne</subfield><subfield code="0">(IDREF)02774163X</subfield><subfield code="2">idref</subfield></datafield><datafield ind1=" " ind2="7" tag="650"><subfield code="a">Droit comparé</subfield><subfield code="0">(IDREF)027741451</subfield><subfield code="2">idref</subfield></datafield><datafield ind1=" " ind2="7" tag="650"><subfield code="a">Begriff</subfield><subfield code="0">(DE-588)4005248-5</subfield><subfield code="2">gnd</subfield></datafield><datafield ind1=" " ind2="7" tag="650"><subfield code="a">Rechtsstellung</subfield><subfield code="0">(DE-588)4134078-4</subfield><subfield code="2">gnd</subfield></datafield><datafield ind1=" " ind2="0" tag="650"><subfield code="a">International law and human rights</subfield><subfield code="v">Congresses</subfield></datafield><datafield ind1=" " ind2="7" tag="650"><subfield code="a">Asylrecht</subfield><subfield code="0">(DE-588)4003338-7</subfield><subfield code="2">gnd</subfield></datafield><datafield ind1=" " ind2="7" tag="650"><subfield code="a">Refugees</subfield><subfield code="x">Legal status, laws, etc</subfield><subfield code="2">fast</subfield></datafield><datafield ind1=" " ind2="7" tag="650"><subfield code="a">Rechtsvergleich</subfield><subfield code="0">(DE-588)4115712-6</subfield><subfield code="2">gnd</subfield></datafield><datafield ind1=" " ind2="7" tag="650"><subfield code="a">Flüchtling</subfield><subfield code="0">(DE-588)4017604-6</subfield><subfield code="2">gnd</subfield></datafield><datafield ind1=" " ind2="7" tag="650"><subfield code="a">Menschenrecht</subfield><subfield code="0">(DE-588)4074725-6</subfield><subfield code="2">gnd</subfield></datafield><datafield ind1=" " ind2="7" tag="655"><subfield code="a">Actes de congrès</subfield><subfield code="0">(IDREF)02886431X</subfield><subfield code="2">idref</subfield></datafield><datafield ind1=" " ind2="7" tag="655"><subfield code="a">Konferenzschrift</subfield><subfield code="z">London</subfield><subfield code="y">2013</subfield><subfield code="2">gnd-content</subfield></datafield><datafield ind1=" " ind2="7" tag="655"><subfield code="a">Aufsatzsammlung</subfield><subfield code="2">gnd-content</subfield></datafield><datafield ind1=" " ind2="7" tag="655"><subfield code="a">Konferenzschrift</subfield><subfield code="y">2013</subfield><subfield code="2">gnd-content</subfield></datafield><datafield ind1=" " ind2="7" tag="655"><subfield code="a">Conference papers and proceedings</subfield><subfield code="2">fast</subfield></datafield><datafield ind1=" " ind2=" " tag="690"><subfield code="a">Menschenrechte; Gesetz; Rechtsprechung; Flüchtlinge; Theorie; Schutz; Cantor; Konvention; Normung</subfield><subfield code="2">idssg-J</subfield></datafield><datafield ind1=" " ind2=" " tag="690"><subfield code="a">Flüchtlingsrecht; Flüchtlingsdefinition; Flüchtlingskonvention; Flüchtlingsschutz; Wirtschaftsmigrant; Flüchtlingsstatus; Rechtspraxis; DavidJames; Engendering; Flüchtlingseigenschaft; Inselnation; Menschenrechtsgrundlage</subfield><subfield code="2">idssg-J</subfield></datafield><datafield ind1=" " ind2=" " tag="690"><subfield code="a">ausgewählte Bibliografie; flagrant Breathes; internationales Flüchtlingsrecht; internationaler Flüchtlingsschutz; internationales Menschenrecht; vereinigtes Königreich; vergleichende Rechtspraxis; vergleichende Theorie; äußerer Rand</subfield><subfield code="2">idssg-J</subfield></datafield><datafield ind1=" " ind2=" " tag="690"><subfield code="a">Kanada C1CANA; Deutschland C4EUGE; Europa C4E; Brasilien C3BRAZ; Niederlande C4EUNE; Vereinigte Staaten C1USA; Georgia C1USA</subfield><subfield code="2">idssg-J</subfield></datafield><datafield ind1=" " ind2=" " tag="690"><subfield code="a">Andrade; Andrea Dimopoulos; Australian Refugee Law; autor ix; Bruce Burson; Camila Marques Gilberto; Camila Sombra Muinos; Costello; DavidJames Cantor Ausgewählte Bibliographie; David James Cantor; Deborah Anker; Flüchtling Definition Vergleichende Rechtspraxis; Himmel Crawley Definieren Flüchtlinge; James Simeon; Jessica Schultz; Josh Vittor; Liliana Lyra Jubilut Camila Sombra Muinos; Linda Kirk; Menschenrecht Schneiden Rand; Michelle Foster; New Zealand; Refugee Law Jurisprudence; Roland Bank; Terje Einarsen Engendering Internationalen Flüchtlingsschutz</subfield><subfield code="2">idssg-J</subfield></datafield><datafield ind1=" " ind2=" " tag="691"><subfield code="e">PC 37</subfield><subfield code="2">rzs-L1</subfield></datafield><datafield ind1=" " ind2=" " tag="691"><subfield code="e">PD 17</subfield><subfield code="2">rzs-L1</subfield></datafield><datafield ind1="1" ind2=" " tag="700"><subfield code="a">Cantor, James</subfield><subfield code="4">edt</subfield></datafield><datafield ind1="1" ind2=" " tag="700"><subfield code="a">Cantor, David James</subfield><subfield code="0">(DE-588)1061142361</subfield><subfield code="4">edt</subfield><subfield code="6">880-02</subfield></datafield><datafield ind1="1" ind2=" " tag="880"><subfield code="6">700-02</subfield><subfield code="a">Cantor, David James</subfield><subfield code="0">(IDREF)185084680</subfield></datafield><datafield ind1="1" ind2=" " tag="700"><subfield code="a">Burson, Bruce</subfield><subfield code="4">edt</subfield><subfield code="6">880-03</subfield></datafield><datafield ind1="1" ind2=" " tag="880"><subfield code="6">700-03</subfield><subfield code="a">Burson, Bruce</subfield><subfield code="0">(IDREF)172662591</subfield></datafield><datafield ind1="4" ind2=" " tag="856"><subfield code="3">Titelblatt und Inhaltsverzeichnis</subfield><subfield code="u">https://toc.library.ethz.ch/objects/pdf03/z01_978-90-04-28858-4_01.pdf</subfield><subfield code="q">pdf</subfield></datafield><datafield ind1=" " ind2="0" tag="830"><subfield code="a">International refugee law series</subfield><subfield code="v">5</subfield><subfield code="w">(IDSSG)000724366HSB01</subfield></datafield><datafield ind1=" " ind2=" " tag="900"><subfield code="a">Stoppsignal FRED</subfield></datafield><datafield ind1=" " ind2=" " tag="900"><subfield code="a">IDSZ2zbzmon201607f</subfield><subfield code="c">IDSZ2wieg</subfield><subfield code="d">IDSZ2zbzswk201607b</subfield><subfield code="e">IDSZ2beck</subfield></datafield><datafield ind1=" " ind2=" " tag="949"><subfield code="a">https://toc.library.ethz.ch/objects/pdf03/z01_978-90-04-28858-4_01.pdf</subfield></datafield></record>
</metadata></record>