<record><header><identifier>oai:alma.41SLSP_UGE:991000775919705502</identifier><datestamp>2023-03-01T01:10:07Z</datestamp><setSpec>uge_bcen_RapidILL_BOOK</setSpec><setSpec>uge_aaca_RapidILL_BOOK</setSpec><setSpec>uge_abels_RapidILL_BOOK</setSpec><setSpec>uge_dbu_RapidILL_BOOK</setSpec><setSpec>uge_cmu_RapidILL_BOOK</setSpec><setSpec>uge_mail_RapidILL_BOOK</setSpec><setSpec>UNIGE_ALL</setSpec><setSpec>uge_abbat_RapidILL_BOOK</setSpec><setSpec>uge_aobs_RapidILL_BOOK</setSpec><setSpec>uge_acar_RapidILL_BOOK</setSpec></header><metadata>
<record xmlns="http://www.loc.gov/MARC21/slim" xmlns:xsi="http://www.w3.org/2001/XMLSchema-instance" xsi:schemaLocation="http://www.loc.gov/MARC21/slim http://www.loc.gov/standards/marcxml/schema/MARC21slim.xsd"><leader>02221nam a2200529 c 4500</leader><controlfield tag="001">991000775919705502</controlfield><controlfield tag="005">20230127203117.0</controlfield><controlfield tag="008">201012s2019    fr       b    001 0 fre|d</controlfield><datafield ind1=" " ind2=" " tag="020"><subfield code="a">9782364524668</subfield><subfield code="q">paperback</subfield><subfield code="c">EUR 24.00</subfield></datafield><datafield ind1=" " ind2=" " tag="020"><subfield code="a">2364524660</subfield></datafield><datafield ind1=" " ind2=" " tag="035"><subfield code="a">(swissbib)241330548-41slsp_network</subfield></datafield><datafield ind1=" " ind2=" " tag="035"><subfield code="a">241330548</subfield><subfield code="9">ExL</subfield></datafield><datafield ind1=" " ind2=" " tag="035"><subfield code="a">(IDSLU)001403850ILU01</subfield></datafield><datafield ind1=" " ind2=" " tag="035"><subfield code="a">(RERO)R009014400-41slsp</subfield></datafield><datafield ind1=" " ind2=" " tag="035"><subfield code="a">(OCoLC)1133205464</subfield></datafield><datafield ind1=" " ind2=" " tag="035"><subfield code="a">(EXLNZ-41SLSP_NETWORK)991131530239705501</subfield></datafield><datafield ind1=" " ind2=" " tag="040"><subfield code="a">AUXAM</subfield><subfield code="b">ger</subfield><subfield code="e">rda</subfield><subfield code="d">CH-ZuSLS</subfield></datafield><datafield ind1="0" ind2=" " tag="041"><subfield code="a">fre</subfield></datafield><datafield ind1=" " ind2="4" tag="050"><subfield code="a">BS680.M57</subfield><subfield code="b">S748 2019</subfield></datafield><datafield ind1=" " ind2="7" tag="072"><subfield code="a">730</subfield><subfield code="2">IDS LU</subfield></datafield><datafield ind1=" " ind2="7" tag="072"><subfield code="a">th</subfield><subfield code="2">rero</subfield></datafield><datafield ind1="7" ind2="4" tag="082"><subfield code="a">220</subfield><subfield code="2">23sdnb</subfield></datafield><datafield ind1="0" ind2="4" tag="082"><subfield code="a">220</subfield></datafield><datafield ind1=" " ind2=" " tag="084"><subfield code="a">BC 6525</subfield><subfield code="2">rvk</subfield></datafield><datafield ind1="1" ind2=" " tag="100"><subfield code="a">Steurs, Jean-François</subfield><subfield code="0">(DE-588)1216642087</subfield><subfield code="e">Verfasser</subfield><subfield code="4">aut</subfield></datafield><datafield ind1="1" ind2="0" tag="245"><subfield code="a">Dieu compte sur l'humanité</subfield><subfield code="b">&quot;Et Dieu vit que le compte état très bon. Ce fut la Huitième jour!&quot; : Genèse 2.4 bis - Apocalypse 20.12 bis</subfield><subfield code="c">Jean-François Steurs ; avec la collaboration de Fr. R. Ferdinand Poswick osb ; préface de Étienne de Callataÿ</subfield></datafield><datafield ind1="1" ind2="4" tag="246"><subfield code="a">Dieu compte sur l'humanité</subfield><subfield code="b">la Bible et l'argent</subfield></datafield><datafield ind1=" " ind2="1" tag="264"><subfield code="a">[Erscheinungsort nicht ermittelbar]</subfield><subfield code="b">Saint-Léger éditions</subfield><subfield code="c">2019</subfield></datafield><datafield ind1=" " ind2=" " tag="300"><subfield code="a">504 pages</subfield><subfield code="c">24 cm</subfield></datafield><datafield ind1=" " ind2=" " tag="336"><subfield code="b">txt</subfield><subfield code="2">rdacontent</subfield></datafield><datafield ind1=" " ind2=" " tag="337"><subfield code="b">n</subfield><subfield code="2">rdamedia</subfield></datafield><datafield ind1=" " ind2=" " tag="338"><subfield code="b">nc</subfield><subfield code="2">rdacarrier</subfield></datafield><datafield ind1=" " ind2=" " tag="504"><subfield code="a">Includes bibliographical references and index</subfield></datafield><datafield ind1="0" ind2="7" tag="630"><subfield code="a">Bibel</subfield><subfield code="2">gnd</subfield><subfield code="0">(DE-588)4006406-2</subfield></datafield><datafield ind1=" " ind2="7" tag="650"><subfield code="a">Geld</subfield><subfield code="2">gnd</subfield><subfield code="0">(DE-588)4019889-3</subfield></datafield><datafield ind1=" " ind2="7" tag="650"><subfield code="a">Wirtschaft</subfield><subfield code="2">gnd</subfield><subfield code="0">(DE-588)4066399-1</subfield></datafield><datafield ind1="0" ind2="7" tag="630"><subfield code="a">Bible</subfield><subfield code="0">(IDREF)028198654</subfield><subfield code="2">idref</subfield></datafield><datafield ind1=" " ind2="0" tag="650"><subfield code="a">Money</subfield><subfield code="x">Religious aspects</subfield><subfield code="x">Christianity</subfield></datafield><datafield ind1=" " ind2="0" tag="650"><subfield code="a">Money</subfield><subfield code="x">Biblical teaching</subfield></datafield><datafield ind1=" " ind2="7" tag="650"><subfield code="a">Économie politique</subfield><subfield code="0">(IDREF)027790479</subfield><subfield code="2">idref</subfield></datafield><datafield ind1="1" ind2=" " tag="700"><subfield code="a">Poswick, Réginald-Ferdinand</subfield><subfield code="d">1937-....</subfield><subfield code="0">(IDREF)027080269</subfield><subfield code="4">ctb</subfield></datafield><datafield ind1="1" ind2=" " tag="700"><subfield code="a">Poswick, R.-Ferdinand</subfield><subfield code="d">1937-</subfield><subfield code="0">(DE-588)137191391</subfield><subfield code="e">Verfasser</subfield><subfield code="4">aut</subfield></datafield><datafield ind1="4" ind2="2" tag="856"><subfield code="3">Inhaltsverzeichnis</subfield><subfield code="q">PDF</subfield><subfield code="u">https://urn.ub.unibe.ch/urn:ch:slsp:2364524660:ihv:pdf</subfield></datafield><datafield ind1=" " ind2=" " tag="900"><subfield code="a">REROnoselfmerge</subfield></datafield><datafield ind1=" " ind2=" " tag="900"><subfield code="a">Stoppsignal FRED</subfield><subfield code="x">RZS/LUUHL/202104</subfield></datafield><datafield ind1=" " ind2=" " tag="900"><subfield code="a">OK_GND</subfield><subfield code="x">RZS/LUUHL/202104/bama</subfield></datafield><datafield ind1=" " ind2=" " tag="910"><subfield code="a">OCoLC</subfield><subfield code="b">20200212</subfield><subfield code="c">Réutilisation sous conditions: Licence ODC-BY</subfield></datafield><datafield ind1=" " ind2=" " tag="949"><subfield code="a">https://urn.ub.unibe.ch/urn:ch:slsp:2364524660:ihv:pdf</subfield></datafield></record>
</metadata></record>