<record><header><identifier>oai:alma.41SLSP_UGE:991000776159705502</identifier><datestamp>2023-11-25T02:25:09Z</datestamp><setSpec>uge_bcen_RapidILL_BOOK</setSpec><setSpec>uge_aaca_RapidILL_BOOK</setSpec><setSpec>uge_abels_RapidILL_BOOK</setSpec><setSpec>uge_dbu_RapidILL_BOOK</setSpec><setSpec>uge_cmu_RapidILL_BOOK</setSpec><setSpec>uge_mail_RapidILL_BOOK</setSpec><setSpec>uge_abbat_RapidILL_BOOK</setSpec><setSpec>UNIGE_ALL</setSpec><setSpec>uge_acar_RapidILL_BOOK</setSpec><setSpec>uge_aobs_RapidILL_BOOK</setSpec></header><metadata>
<record xmlns="http://www.loc.gov/MARC21/slim" xmlns:xsi="http://www.w3.org/2001/XMLSchema-instance" xsi:schemaLocation="http://www.loc.gov/MARC21/slim http://www.loc.gov/standards/marcxml/schema/MARC21slim.xsd"><leader>02154nam a2200457 c 4500</leader><controlfield tag="001">991000776159705502</controlfield><controlfield tag="005">20230327195925.0</controlfield><controlfield tag="008">201011t19941994sz ||||| |||| 00| ||fre d</controlfield><datafield ind1=" " ind2=" " tag="020"><subfield code="a">2880742676</subfield></datafield><datafield ind1=" " ind2=" " tag="035"><subfield code="a">(swissbib)222019611-41slsp_network</subfield></datafield><datafield ind1=" " ind2=" " tag="035"><subfield code="a">222019611</subfield><subfield code="9">ExL</subfield></datafield><datafield ind1=" " ind2=" " tag="035"><subfield code="a">(RERO)1859110-41slsp</subfield></datafield><datafield ind1=" " ind2=" " tag="035"><subfield code="a">(NEBIS)000939265EBI01</subfield></datafield><datafield ind1=" " ind2=" " tag="035"><subfield code="a">(IDSBB)001004429DSV01</subfield></datafield><datafield ind1=" " ind2=" " tag="035"><subfield code="a">(ALEX)bv01373361</subfield></datafield><datafield ind1=" " ind2=" " tag="035"><subfield code="a">(EXLNZ-41SLSP_NETWORK)991026332369705501</subfield></datafield><datafield ind1=" " ind2=" " tag="040"><subfield code="a">RERO labcur</subfield><subfield code="d">CH-ZuSLS</subfield></datafield><datafield ind1=" " ind2=" " tag="044"><subfield code="a">sz</subfield><subfield code="c">ch-vd</subfield></datafield><datafield ind1=" " ind2="7" tag="072"><subfield code="a">ur</subfield><subfield code="2">rero</subfield></datafield><datafield ind1=" " ind2="7" tag="072"><subfield code="a">uw</subfield><subfield code="2">SzZuIDS BS/BE</subfield></datafield><datafield ind1="1" ind2=" " tag="100"><subfield code="6">880-01</subfield><subfield code="a">Maystre, Lucien Yves</subfield><subfield code="0">(IDREF)03390880X</subfield><subfield code="4">cre</subfield></datafield><datafield ind1="1" ind2=" " tag="880"><subfield code="a">Maystre, Lucien Yves</subfield><subfield code="d">1933-2018</subfield><subfield code="0">(DE-588)1089119291</subfield><subfield code="6">100-01</subfield></datafield><datafield ind1="1" ind2="0" tag="245"><subfield code="a">Méthodes multicritères ELECTRE</subfield><subfield code="b">description, conseils pratiques et cas d'application à la gestion environnementale</subfield><subfield code="c">Lucien Yves Maystre, Jacques Pictet, Jean Simos ; préf. par Bernard Roy</subfield></datafield><datafield ind1=" " ind2="1" tag="264"><subfield code="a">Lausanne</subfield><subfield code="b">Presses polytechniques et universitaires romandes</subfield><subfield code="c">[1994]</subfield></datafield><datafield ind1=" " ind2="4" tag="264"><subfield code="c">© 1994</subfield></datafield><datafield ind1=" " ind2=" " tag="300"><subfield code="a">XIV, 323 p.</subfield><subfield code="b">ill.</subfield><subfield code="c">24 cm</subfield></datafield><datafield ind1=" " ind2=" " tag="336"><subfield code="b">txt</subfield><subfield code="2">rdacontent</subfield></datafield><datafield ind1=" " ind2=" " tag="337"><subfield code="b">n</subfield><subfield code="2">rdamedia</subfield></datafield><datafield ind1=" " ind2=" " tag="338"><subfield code="b">nc</subfield><subfield code="2">rdacarrier</subfield></datafield><datafield ind1="1" ind2=" " tag="490"><subfield code="a">Collection gérer l'environnement</subfield><subfield code="v">8</subfield></datafield><datafield ind1=" " ind2=" " tag="504"><subfield code="a">Contient une bibliogr. (p. [305]-312), un glossaire et un index</subfield></datafield><datafield ind1=" " ind2="7" tag="650"><subfield code="a">Gestion de l'environnement</subfield><subfield code="0">(IDREF)034231366</subfield><subfield code="2">idref</subfield></datafield><datafield ind1=" " ind2="7" tag="650"><subfield code="a">Analyse multivariée</subfield><subfield code="0">(IDREF)027390896</subfield><subfield code="2">idref</subfield></datafield><datafield ind1=" " ind2="7" tag="650"><subfield code="a">ENTSCHEIDUNGSSYSTEME (UNTERNEHMENSFÜHRUNG)</subfield><subfield code="9">ger</subfield><subfield code="0">(ETHUDK)000042223</subfield><subfield code="2">ethudk</subfield></datafield><datafield ind1=" " ind2="7" tag="650"><subfield code="a">ENTSCHEIDUNGSTHEORIE (OPERATIONS RESEARCH)</subfield><subfield code="9">ger</subfield><subfield code="0">(ETHUDK)000013841</subfield><subfield code="2">ethudk</subfield></datafield><datafield ind1=" " ind2="7" tag="650"><subfield code="a">FALLSTUDIEN (DOKUMENTENTYP)</subfield><subfield code="9">ger</subfield><subfield code="0">(ETHUDK)000041890</subfield><subfield code="2">ethudk</subfield></datafield><datafield ind1=" " ind2="7" tag="650"><subfield code="a">MEHRZIELOPTIMIERUNG (OPERATIONS RESEARCH)</subfield><subfield code="9">ger</subfield><subfield code="0">(ETHUDK)000013856</subfield><subfield code="2">ethudk</subfield></datafield><datafield ind1=" " ind2="7" tag="650"><subfield code="a">PLANUNG, ORGANISATION UND VERWALTUNG DES ABFALLWESENS</subfield><subfield code="9">ger</subfield><subfield code="0">(ETHUDK)000030350</subfield><subfield code="2">ethudk</subfield></datafield><datafield ind1=" " ind2="7" tag="650"><subfield code="a">UMWELTPROBLEMLÖSUNG, ANALYSE, KONTROLLE, SCHUTZMASSNAHMEN (UMWELTSCHUTZ)</subfield><subfield code="9">ger</subfield><subfield code="0">(ETHUDK)000012422</subfield><subfield code="2">ethudk</subfield></datafield><datafield ind1="1" ind2=" " tag="700"><subfield code="a">Pictet, Jacques</subfield><subfield code="c">ingénieur</subfield><subfield code="0">(RERO)A012323987</subfield></datafield><datafield ind1="1" ind2=" " tag="700"><subfield code="a">Simos, Jean</subfield><subfield code="d">19..-....</subfield><subfield code="0">(IDREF)033836892</subfield></datafield><datafield ind1=" " ind2=" " tag="830"><subfield code="a">Collection gérer l'environnement</subfield><subfield code="v">8</subfield><subfield code="w">(NEBIS)000033225EBI01</subfield></datafield><datafield ind1=" " ind2=" " tag="900"><subfield code="a">REROnoselfmerge</subfield></datafield></record>
</metadata></record><resumptionToken>1900-01-01@all@UNIGE_ALL@marc21@5986563060005502</resumptionToken></ListRecords></OAI-PMH>